%YAML 1.1
%TAG !u! tag:unity3d.com,2011:
--- !u!1 &163534958722707648
GameObject:
  m_ObjectHideFlags: 0
  m_CorrespondingSourceObject: {fileID: 0}
  m_PrefabInstance: {fileID: 0}
  m_PrefabAsset: {fileID: 0}
  serializedVersion: 6
  m_Component:
  - component: {fileID: 163534958722411808}
  m_Layer: 8
  m_Name: CATRigRArmDigit41
  m_TagString: Untagged
  m_Icon: {fileID: 0}
  m_NavMeshLayer: 0
  m_StaticEditorFlags: 0
  m_IsActive: 1
--- !u!4 &163534958722411808
Transform:
  m_ObjectHideFlags: 0
  m_CorrespondingSourceObject: {fileID: 0}
  m_PrefabInstance: {fileID: 0}
  m_PrefabAsset: {fileID: 0}
  m_GameObject: {fileID: 163534958722707648}
  m_LocalRotation: {x: -0.003232432, y: 0.06817784, z: 0.18000272, w: 0.9812953}
  m_LocalPosition: {x: -0.09567546, y: 0.001186071, z: 0.014871646}
  m_LocalScale: {x: 1.0000014, y: 0.9999995, z: 0.9999992}
  m_Children:
  - {fileID: 163534958722411810}
  m_Father: {fileID: 163534958722411732}
  m_RootOrder: 3
  m_LocalEulerAnglesHint: {x: 0, y: 0, z: 0}
--- !u!1 &163534958722707650
GameObject:
  m_ObjectHideFlags: 0
  m_CorrespondingSourceObject: {fileID: 0}
  m_PrefabInstance: {fileID: 0}
  m_PrefabAsset: {fileID: 0}
  serializedVersion: 6
  m_Component:
  - component: {fileID: 163534958722411810}
  m_Layer: 8
  m_Name: CATRigRArmDigit42
  m_TagString: Untagged
  m_Icon: {fileID: 0}
  m_NavMeshLayer: 0
  m_StaticEditorFlags: 0
  m_IsActive: 1
--- !u!4 &163534958722411810
Transform:
  m_ObjectHideFlags: 0
  m_CorrespondingSourceObject: {fileID: 0}
  m_PrefabInstance: {fileID: 0}
  m_PrefabAsset: {fileID: 0}
  m_GameObject: {fileID: 163534958722707650}
  m_LocalRotation: {x: -0.00000022625215, y: 0.00000025231395, z: 0.148536, w: 0.988907}
  m_LocalPosition: {x: -0.048550863, y: -0.00000009689331, z: 0}
  m_LocalScale: {x: 1.0000015, y: 0.99999934, z: 0.99999917}
  m_Children:
  - {fileID: 163534958722411820}
  m_Father: {fileID: 163534958722411808}
  m_RootOrder: 0
  m_LocalEulerAnglesHint: {x: 0, y: 0, z: 0}
--- !u!1 &163534958722707652
GameObject:
  m_ObjectHideFlags: 0
  m_CorrespondingSourceObject: {fileID: 0}
  m_PrefabInstance: {fileID: 0}
  m_PrefabAsset: {fileID: 0}
  serializedVersion: 6
  m_Component:
  - component: {fileID: 163534958722411812}
  m_Layer: 8
  m_Name: CATRigRArmDigit32
  m_TagString: Untagged
  m_Icon: {fileID: 0}
  m_NavMeshLayer: 0
  m_StaticEditorFlags: 0
  m_IsActive: 1
--- !u!4 &163534958722411812
Transform:
  m_ObjectHideFlags: 0
  m_CorrespondingSourceObject: {fileID: 0}
  m_PrefabInstance: {fileID: 0}
  m_PrefabAsset: {fileID: 0}
  m_GameObject: {fileID: 163534958722707652}
  m_LocalRotation: {x: 0.0000002695765, y: 0.00000016240196, z: 0.251425, w: 0.9678768}
  m_LocalPosition: {x: -0.059233982, y: -0.00000009689331, z: 0.000000024223327}
  m_LocalScale: {x: 1.0000018, y: 0.99999917, z: 0.99999934}
  m_Children:
  - {fileID: 163534958722411814}
  m_Father: {fileID: 163534958722411834}
  m_RootOrder: 0
  m_LocalEulerAnglesHint: {x: 0, y: 0, z: 0}
--- !u!1 &163534958722707654
GameObject:
  m_ObjectHideFlags: 0
  m_CorrespondingSourceObject: {fileID: 0}
  m_PrefabInstance: {fileID: 0}
  m_PrefabAsset: {fileID: 0}
  serializedVersion: 6
  m_Component:
  - component: {fileID: 163534958722411814}
  m_Layer: 8
  m_Name: CATRigRArmDigit33
  m_TagString: Untagged
  m_Icon: {fileID: 0}
  m_NavMeshLayer: 0
  m_StaticEditorFlags: 0
  m_IsActive: 1
--- !u!4 &163534958722411814
Transform:
  m_ObjectHideFlags: 0
  m_CorrespondingSourceObject: {fileID: 0}
  m_PrefabInstance: {fileID: 0}
  m_PrefabAsset: {fileID: 0}
  m_GameObject: {fileID: 163534958722707654}
  m_LocalRotation: {x: 0.00000031775286, y: -0.000000013726133, z: 0.050648686, w: 0.99871653}
  m_LocalPosition: {x: -0.04205315, y: 0.00000009689331, z: 0}
  m_LocalScale: {x: 1.0000014, y: 0.9999995, z: 0.99999934}
  m_Children: []
  m_Father: {fileID: 163534958722411812}
  m_RootOrder: 0
  m_LocalEulerAnglesHint: {x: 0, y: 0, z: 0}
--- !u!1 &163534958722707656
GameObject:
  m_ObjectHideFlags: 0
  m_CorrespondingSourceObject: {fileID: 0}
  m_PrefabInstance: {fileID: 0}
  m_PrefabAsset: {fileID: 0}
  serializedVersion: 6
  m_Component:
  - component: {fileID: 163534958722411816}
  m_Layer: 8
  m_Name: CATRigRArmDigit52
  m_TagString: Untagged
  m_Icon: {fileID: 0}
  m_NavMeshLayer: 0
  m_StaticEditorFlags: 0
  m_IsActive: 1
--- !u!4 &163534958722411816
Transform:
  m_ObjectHideFlags: 0
  m_CorrespondingSourceObject: {fileID: 0}
  m_PrefabInstance: {fileID: 0}
  m_PrefabAsset: {fileID: 0}
  m_GameObject: {fileID: 163534958722707656}
  m_LocalRotation: {x: -0.00000057631, y: 0.000000048176638, z: 0.17627554, w: 0.9843409}
  m_LocalPosition: {x: -0.034783486, y: 0.00000009689331, z: 0}
  m_LocalScale: {x: 1.0000004, y: 1.0000008, z: 0.9999991}
  m_Children:
  - {fileID: 163534958722411818}
  m_Father: {fileID: 163534958722411822}
  m_RootOrder: 0
  m_LocalEulerAnglesHint: {x: 0, y: 0, z: 0}
--- !u!1 &163534958722707658
GameObject:
  m_ObjectHideFlags: 0
  m_CorrespondingSourceObject: {fileID: 0}
  m_PrefabInstance: {fileID: 0}
  m_PrefabAsset: {fileID: 0}
  serializedVersion: 6
  m_Component:
  - component: {fileID: 163534958722411818}
  m_Layer: 8
  m_Name: CATRigRArmDigit53
  m_TagString: Untagged
  m_Icon: {fileID: 0}
  m_NavMeshLayer: 0
  m_StaticEditorFlags: 0
  m_IsActive: 1
--- !u!4 &163534958722411818
Transform:
  m_ObjectHideFlags: 0
  m_CorrespondingSourceObject: {fileID: 0}
  m_PrefabInstance: {fileID: 0}
  m_PrefabAsset: {fileID: 0}
  m_GameObject: {fileID: 163534958722707658}
  m_LocalRotation: {x: 0.00000019792678, y: -0.00000019325617, z: 0.16652524, w: 0.9860372}
  m_LocalPosition: {x: -0.030311618, y: 0, z: 0}
  m_LocalScale: {x: 0.9999993, y: 1.0000019, z: 0.99999917}
  m_Children: []
  m_Father: {fileID: 163534958722411816}
  m_RootOrder: 0
  m_LocalEulerAnglesHint: {x: 0, y: 0, z: 0}
--- !u!1 &163534958722707660
GameObject:
  m_ObjectHideFlags: 0
  m_CorrespondingSourceObject: {fileID: 0}
  m_PrefabInstance: {fileID: 0}
  m_PrefabAsset: {fileID: 0}
  serializedVersion: 6
  m_Component:
  - component: {fileID: 163534958722411820}
  m_Layer: 8
  m_Name: CATRigRArmDigit43
  m_TagString: Untagged
  m_Icon: {fileID: 0}
  m_NavMeshLayer: 0
  m_StaticEditorFlags: 0
  m_IsActive: 1
--- !u!4 &163534958722411820
Transform:
  m_ObjectHideFlags: 0
  m_CorrespondingSourceObject: {fileID: 0}
  m_PrefabInstance: {fileID: 0}
  m_PrefabAsset: {fileID: 0}
  m_GameObject: {fileID: 163534958722707660}
  m_LocalRotation: {x: -0.00000051230353, y: -0.00000012113888, z: 0.23011355, w: 0.9731638}
  m_LocalPosition: {x: -0.032482125, y: 0, z: 0}
  m_LocalScale: {x: 1.0000026, y: 0.9999984, z: 0.9999991}
  m_Children: []
  m_Father: {fileID: 163534958722411810}
  m_RootOrder: 0
  m_LocalEulerAnglesHint: {x: 0, y: 0, z: 0}
--- !u!1 &163534958722707662
GameObject:
  m_ObjectHideFlags: 0
  m_CorrespondingSourceObject: {fileID: 0}
  m_PrefabInstance: {fileID: 0}
  m_PrefabAsset: {fileID: 0}
  serializedVersion: 6
  m_Component:
  - component: {fileID: 163534958722411822}
  m_Layer: 8
  m_Name: CATRigRArmDigit51
  m_TagString: Untagged
  m_Icon: {fileID: 0}
  m_NavMeshLayer: 0
  m_StaticEditorFlags: 0
  m_IsActive: 1
--- !u!4 &163534958722411822
Transform:
  m_ObjectHideFlags: 0
  m_CorrespondingSourceObject: {fileID: 0}
  m_PrefabInstance: {fileID: 0}
  m_PrefabAsset: {fileID: 0}
  m_GameObject: {fileID: 163534958722707662}
  m_LocalRotation: {x: 0.020247972, y: 0.10064956, z: 0.19618131, w: 0.97517824}
  m_LocalPosition: {x: -0.09342976, y: -0.0043009003, z: 0.041548237}
  m_LocalScale: {x: 1.0000017, y: 0.9999995, z: 0.99999917}
  m_Children:
  - {fileID: 163534958722411816}
  m_Father: {fileID: 163534958722411732}
  m_RootOrder: 4
  m_LocalEulerAnglesHint: {x: 0, y: 0, z: 0}
--- !u!1 &163534958722707664
GameObject:
  m_ObjectHideFlags: 0
  m_CorrespondingSourceObject: {fileID: 0}
  m_PrefabInstance: {fileID: 0}
  m_PrefabAsset: {fileID: 0}
  serializedVersion: 6
  m_Component:
  - component: {fileID: 163534958722411824}
  m_Layer: 8
  m_Name: CATRigRArmDigit12
  m_TagString: Untagged
  m_Icon: {fileID: 0}
  m_NavMeshLayer: 0
  m_StaticEditorFlags: 0
  m_IsActive: 1
--- !u!4 &163534958722411824
Transform:
  m_ObjectHideFlags: 0
  m_CorrespondingSourceObject: {fileID: 0}
  m_PrefabInstance: {fileID: 0}
  m_PrefabAsset: {fileID: 0}
  m_GameObject: {fileID: 163534958722707664}
  m_LocalRotation: {x: 0.00000022723363, y: -0.00000061148364, z: 0.11334245, w: 0.99355596}
  m_LocalPosition: {x: -0.047945667, y: -0.00000019378662, z: 0}
  m_LocalScale: {x: 1.0000014, y: 0.99999946, z: 0.9999995}
  m_Children:
  - {fileID: 163534958722411826}
  m_Father: {fileID: 163534958722411830}
  m_RootOrder: 0
  m_LocalEulerAnglesHint: {x: 0, y: 0, z: 0}
--- !u!1 &163534958722707666
GameObject:
  m_ObjectHideFlags: 0
  m_CorrespondingSourceObject: {fileID: 0}
  m_PrefabInstance: {fileID: 0}
  m_PrefabAsset: {fileID: 0}
  serializedVersion: 6
  m_Component:
  - component: {fileID: 163534958722411826}
  m_Layer: 8
  m_Name: CATRigRArmDigit13
  m_TagString: Untagged
  m_Icon: {fileID: 0}
  m_NavMeshLayer: 0
  m_StaticEditorFlags: 0
  m_IsActive: 1
--- !u!4 &163534958722411826
Transform:
  m_ObjectHideFlags: 0
  m_CorrespondingSourceObject: {fileID: 0}
  m_PrefabInstance: {fileID: 0}
  m_PrefabAsset: {fileID: 0}
  m_GameObject: {fileID: 163534958722707666}
  m_LocalRotation: {x: 0.000000839059, y: 0.00000007543589, z: 0.054254234, w: 0.99852717}
  m_LocalPosition: {x: -0.047529366, y: 0.00000009689331, z: 0}
  m_LocalScale: {x: 1.0000013, y: 0.9999996, z: 0.9999995}
  m_Children: []
  m_Father: {fileID: 163534958722411824}
  m_RootOrder: 0
  m_LocalEulerAnglesHint: {x: 0, y: 0, z: 0}
--- !u!1 &163534958722707668
GameObject:
  m_ObjectHideFlags: 0
  m_CorrespondingSourceObject: {fileID: 0}
  m_PrefabInstance: {fileID: 0}
  m_PrefabAsset: {fileID: 0}
  serializedVersion: 6
  m_Component:
  - component: {fileID: 163534958722411828}
  m_Layer: 8
  m_Name: CATRigRArmCollarbone
  m_TagString: Untagged
  m_Icon: {fileID: 0}
  m_NavMeshLayer: 0
  m_StaticEditorFlags: 0
  m_IsActive: 1
--- !u!4 &163534958722411828
Transform:
  m_ObjectHideFlags: 0
  m_CorrespondingSourceObject: {fileID: 0}
  m_PrefabInstance: {fileID: 0}
  m_PrefabAsset: {fileID: 0}
  m_GameObject: {fileID: 163534958722707668}
  m_LocalRotation: {x: -0.000506386, y: -0.7548197, z: 0.00043885814, w: 0.655932}
  m_LocalPosition: {x: -0.21490869, y: -0.026549092, z: -0.029108252}
  m_LocalScale: {x: 1, y: 1, z: 1}
  m_Children:
  - {fileID: 163534958722411784}
  m_Father: {fileID: 163534958722411894}
  m_RootOrder: 1
  m_LocalEulerAnglesHint: {x: 0, y: 0, z: 0}
--- !u!1 &163534958722707670
GameObject:
  m_ObjectHideFlags: 0
  m_CorrespondingSourceObject: {fileID: 0}
  m_PrefabInstance: {fileID: 0}
  m_PrefabAsset: {fileID: 0}
  serializedVersion: 6
  m_Component:
  - component: {fileID: 163534958722411830}
  m_Layer: 8
  m_Name: CATRigRArmDigit11
  m_TagString: Untagged
  m_Icon: {fileID: 0}
  m_NavMeshLayer: 0
  m_StaticEditorFlags: 0
  m_IsActive: 1
--- !u!4 &163534958722411830
Transform:
  m_ObjectHideFlags: 0
  m_CorrespondingSourceObject: {fileID: 0}
  m_PrefabInstance: {fileID: 0}
  m_PrefabAsset: {fileID: 0}
  m_GameObject: {fileID: 163534958722707670}
  m_LocalRotation: {x: -0.49287933, y: -0.32828742, z: 0.1304276, w: 0.7951641}
  m_LocalPosition: {x: -0.016736962, y: -0.012711239, z: -0.046144955}
  m_LocalScale: {x: 1.0000011, y: 0.99999976, z: 0.9999995}
  m_Children:
  - {fileID: 163534958722411824}
  m_Father: {fileID: 163534958722411732}
  m_RootOrder: 0
  m_LocalEulerAnglesHint: {x: 0, y: 0, z: 0}
--- !u!1 &163534958722707672
GameObject:
  m_ObjectHideFlags: 0
  m_CorrespondingSourceObject: {fileID: 0}
  m_PrefabInstance: {fileID: 0}
  m_PrefabAsset: {fileID: 0}
  serializedVersion: 6
  m_Component:
  - component: {fileID: 163534958722411832}
  m_Layer: 8
  m_Name: CATRigRArmDigit23
  m_TagString: Untagged
  m_Icon: {fileID: 0}
  m_NavMeshLayer: 0
  m_StaticEditorFlags: 0
  m_IsActive: 1
--- !u!4 &163534958722411832
Transform:
  m_ObjectHideFlags: 0
  m_CorrespondingSourceObject: {fileID: 0}
  m_PrefabInstance: {fileID: 0}
  m_PrefabAsset: {fileID: 0}
  m_GameObject: {fileID: 163534958722707672}
  m_LocalRotation: {x: 0.00000007378649, y: 0.00000035032906, z: 0.002053903, w: 0.9999979}
  m_LocalPosition: {x: -0.03103948, y: 0, z: 0.000000024223327}
  m_LocalScale: {x: 1.0000014, y: 0.99999905, z: 0.9999994}
  m_Children: []
  m_Father: {fileID: 163534958722411838}
  m_RootOrder: 0
  m_LocalEulerAnglesHint: {x: 0, y: 0, z: 0}
--- !u!1 &163534958722707674
GameObject:
  m_ObjectHideFlags: 0
  m_CorrespondingSourceObject: {fileID: 0}
  m_PrefabInstance: {fileID: 0}
  m_PrefabAsset: {fileID: 0}
  serializedVersion: 6
  m_Component:
  - component: {fileID: 163534958722411834}
  m_Layer: 8
  m_Name: CATRigRArmDigit31
  m_TagString: Untagged
  m_Icon: {fileID: 0}
  m_NavMeshLayer: 0
  m_StaticEditorFlags: 0
  m_IsActive: 1
--- !u!4 &163534958722411834
Transform:
  m_ObjectHideFlags: 0
  m_CorrespondingSourceObject: {fileID: 0}
  m_PrefabInstance: {fileID: 0}
  m_PrefabAsset: {fileID: 0}
  m_GameObject: {fileID: 163534958722707674}
  m_LocalRotation: {x: -0.0024406838, y: 0.01663166, z: 0.14518419, w: 0.98926187}
  m_LocalPosition: {x: -0.0990362, y: 0.0055266973, z: -0.009352966}
  m_LocalScale: {x: 1.0000013, y: 0.99999964, z: 0.99999934}
  m_Children:
  - {fileID: 163534958722411812}
  m_Father: {fileID: 163534958722411732}
  m_RootOrder: 2
  m_LocalEulerAnglesHint: {x: 0, y: 0, z: 0}
--- !u!1 &163534958722707676
GameObject:
  m_ObjectHideFlags: 0
  m_CorrespondingSourceObject: {fileID: 0}
  m_PrefabInstance: {fileID: 0}
  m_PrefabAsset: {fileID: 0}
  serializedVersion: 6
  m_Component:
  - component: {fileID: 163534958722411836}
  m_Layer: 8
  m_Name: CATRigRArmDigit21
  m_TagString: Untagged
  m_Icon: {fileID: 0}
  m_NavMeshLayer: 0
  m_StaticEditorFlags: 0
  m_IsActive: 1
--- !u!4 &163534958722411836
Transform:
  m_ObjectHideFlags: 0
  m_CorrespondingSourceObject: {fileID: 0}
  m_PrefabInstance: {fileID: 0}
  m_PrefabAsset: {fileID: 0}
  m_GameObject: {fileID: 163534958722707676}
  m_LocalRotation: {x: -0.0058434457, y: -0.044607934, z: 0.12975605, w: 0.9905248}
  m_LocalPosition: {x: -0.10386251, y: 0.0026683449, z: -0.03794817}
  m_LocalScale: {x: 1.0000012, y: 0.9999997, z: 0.9999994}
  m_Children:
  - {fileID: 163534958722411838}
  m_Father: {fileID: 163534958722411732}
  m_RootOrder: 1
  m_LocalEulerAnglesHint: {x: 0, y: 0, z: 0}
--- !u!1 &163534958722707678
GameObject:
  m_ObjectHideFlags: 0
  m_CorrespondingSourceObject: {fileID: 0}
  m_PrefabInstance: {fileID: 0}
  m_PrefabAsset: {fileID: 0}
  serializedVersion: 6
  m_Component:
  - component: {fileID: 163534958722411838}
  m_Layer: 8
  m_Name: CATRigRArmDigit22
  m_TagString: Untagged
  m_Icon: {fileID: 0}
  m_NavMeshLayer: 0
  m_StaticEditorFlags: 0
  m_IsActive: 1
--- !u!4 &163534958722411838
Transform:
  m_ObjectHideFlags: 0
  m_CorrespondingSourceObject: {fileID: 0}
  m_PrefabInstance: {fileID: 0}
  m_PrefabAsset: {fileID: 0}
  m_GameObject: {fileID: 163534958722707678}
  m_LocalRotation: {x: 0.00000050116944, y: 0.00000033563316, z: 0.14253892, w: 0.98978925}
  m_LocalPosition: {x: -0.058569632, y: -0.00000009689331, z: 0.000000024223327}
  m_LocalScale: {x: 1.0000015, y: 0.99999917, z: 0.99999934}
  m_Children:
  - {fileID: 163534958722411832}
  m_Father: {fileID: 163534958722411836}
  m_RootOrder: 0
  m_LocalEulerAnglesHint: {x: 0, y: 0, z: 0}
--- !u!1 &163534958722707680
GameObject:
  m_ObjectHideFlags: 0
  m_CorrespondingSourceObject: {fileID: 0}
  m_PrefabInstance: {fileID: 0}
  m_PrefabAsset: {fileID: 0}
  serializedVersion: 6
  m_Component:
  - component: {fileID: 163534958722411712}
  - component: {fileID: 163534958736374904}
  m_Layer: 8
  m_Name: Cloth_pelvis_back_mesh
  m_TagString: Untagged
  m_Icon: {fileID: 0}
  m_NavMeshLayer: 0
  m_StaticEditorFlags: 0
  m_IsActive: 1
--- !u!4 &163534958722411712
Transform:
  m_ObjectHideFlags: 0
  m_CorrespondingSourceObject: {fileID: 0}
  m_PrefabInstance: {fileID: 0}
  m_PrefabAsset: {fileID: 0}
  m_GameObject: {fileID: 163534958722707680}
  m_LocalRotation: {x: -0.7071068, y: 0, z: -0, w: 0.7071068}
  m_LocalPosition: {x: -0, y: 0, z: 0}
  m_LocalScale: {x: 0.6939358, y: 0.6939358, z: 0.6939358}
  m_Children: []
  m_Father: {fileID: 163534958722411726}
  m_RootOrder: 10
  m_LocalEulerAnglesHint: {x: 0, y: 0, z: 0}
--- !u!137 &163534958736374904
SkinnedMeshRenderer:
  m_ObjectHideFlags: 0
  m_CorrespondingSourceObject: {fileID: 0}
  m_PrefabInstance: {fileID: 0}
  m_PrefabAsset: {fileID: 0}
  m_GameObject: {fileID: 163534958722707680}
  m_Enabled: 1
  m_CastShadows: 1
  m_ReceiveShadows: 1
  m_DynamicOccludee: 1
  m_MotionVectors: 1
  m_LightProbeUsage: 1
  m_ReflectionProbeUsage: 1
  m_RenderingLayerMask: 1
  m_RendererPriority: 0
  m_Materials:
  - {fileID: 2100000, guid: 859d33148dcff854495d2970f643507b, type: 2}
  m_StaticBatchInfo:
    firstSubMesh: 0
    subMeshCount: 0
  m_StaticBatchRoot: {fileID: 0}
  m_ProbeAnchor: {fileID: 0}
  m_LightProbeVolumeOverride: {fileID: 0}
  m_ScaleInLightmap: 1
  m_PreserveUVs: 0
  m_IgnoreNormalsForChartDetection: 0
  m_ImportantGI: 0
  m_StitchLightmapSeams: 1
  m_SelectedEditorRenderState: 3
  m_MinimumChartSize: 4
  m_AutoUVMaxDistance: 0.5
  m_AutoUVMaxAngle: 89
  m_LightmapParameters: {fileID: 0}
  m_SortingLayerID: 0
  m_SortingLayer: 0
  m_SortingOrder: 0
  serializedVersion: 2
  m_Quality: 0
  m_UpdateWhenOffscreen: 0
  m_SkinnedMotionVectors: 1
  m_Mesh: {fileID: 4300004, guid: 18c11b8faef85dd4f83933b1840887dd, type: 3}
  m_Bones:
  - {fileID: 163534958722411716}
  - {fileID: 163534958722411738}
  - {fileID: 163534958722411734}
  - {fileID: 163534958722411894}
  - {fileID: 163534958722411892}
  - {fileID: 163534958722411848}
  - {fileID: 163534958722411854}
  - {fileID: 163534958722411852}
  - {fileID: 163534958722411866}
  - {fileID: 163534958722411864}
  - {fileID: 163534958722411850}
  - {fileID: 163534958722411782}
  m_BlendShapeWeights: []
  m_RootBone: {fileID: 163534958722411864}
  m_AABB:
    m_Center: {x: 0.17471611, y: -0.13330123, z: -0.0011441782}
    m_Extent: {x: 0.28397298, y: 0.07475109, z: 0.12912226}
  m_DirtyAABB: 0
--- !u!1 &163534958722707682
GameObject:
  m_ObjectHideFlags: 0
  m_CorrespondingSourceObject: {fileID: 0}
  m_PrefabInstance: {fileID: 0}
  m_PrefabAsset: {fileID: 0}
  serializedVersion: 6
  m_Component:
  - component: {fileID: 163534958722411714}
  - component: {fileID: 163534958736374906}
  m_Layer: 8
  m_Name: Eyes_mesh
  m_TagString: Untagged
  m_Icon: {fileID: 0}
  m_NavMeshLayer: 0
  m_StaticEditorFlags: 0
  m_IsActive: 1
--- !u!4 &163534958722411714
Transform:
  m_ObjectHideFlags: 0
  m_CorrespondingSourceObject: {fileID: 0}
  m_PrefabInstance: {fileID: 0}
  m_PrefabAsset: {fileID: 0}
  m_GameObject: {fileID: 163534958722707682}
  m_LocalRotation: {x: -0.7071068, y: 0, z: -0, w: 0.7071068}
  m_LocalPosition: {x: -0, y: 0, z: 0}
  m_LocalScale: {x: 0.6939358, y: 0.6939358, z: 0.6939358}
  m_Children: []
  m_Father: {fileID: 163534958722411726}
  m_RootOrder: 11
  m_LocalEulerAnglesHint: {x: 0, y: 0, z: 0}
--- !u!137 &163534958736374906
SkinnedMeshRenderer:
  m_ObjectHideFlags: 0
  m_CorrespondingSourceObject: {fileID: 0}
  m_PrefabInstance: {fileID: 0}
  m_PrefabAsset: {fileID: 0}
  m_GameObject: {fileID: 163534958722707682}
  m_Enabled: 1
  m_CastShadows: 1
  m_ReceiveShadows: 1
  m_DynamicOccludee: 1
  m_MotionVectors: 1
  m_LightProbeUsage: 1
  m_ReflectionProbeUsage: 1
  m_RenderingLayerMask: 1
  m_RendererPriority: 0
  m_Materials:
  - {fileID: 2100000, guid: 859d33148dcff854495d2970f643507b, type: 2}
  m_StaticBatchInfo:
    firstSubMesh: 0
    subMeshCount: 0
  m_StaticBatchRoot: {fileID: 0}
  m_ProbeAnchor: {fileID: 0}
  m_LightProbeVolumeOverride: {fileID: 0}
  m_ScaleInLightmap: 1
  m_PreserveUVs: 0
  m_IgnoreNormalsForChartDetection: 0
  m_ImportantGI: 0
  m_StitchLightmapSeams: 1
  m_SelectedEditorRenderState: 3
  m_MinimumChartSize: 4
  m_AutoUVMaxDistance: 0.5
  m_AutoUVMaxAngle: 89
  m_LightmapParameters: {fileID: 0}
  m_SortingLayerID: 0
  m_SortingLayer: 0
  m_SortingOrder: 0
  serializedVersion: 2
  m_Quality: 0
  m_UpdateWhenOffscreen: 0
  m_SkinnedMotionVectors: 1
  m_Mesh: {fileID: 4300002, guid: 18c11b8faef85dd4f83933b1840887dd, type: 3}
  m_Bones:
  - {fileID: 163534958722411736}
  - {fileID: 163534958722411902}
  - {fileID: 163534958722411890}
  - {fileID: 163534958722411888}
  - {fileID: 163534958722411900}
  m_BlendShapeWeights: []
  m_RootBone: {fileID: 163534958722411736}
  m_AABB:
    m_Center: {x: -0.20029388, y: 0.10807265, z: -0.000000029802322}
    m_Extent: {x: 0.014206514, y: 0.008710548, z: 0.05060769}
  m_DirtyAABB: 0
--- !u!1 &163534958722707684
GameObject:
  m_ObjectHideFlags: 0
  m_CorrespondingSourceObject: {fileID: 0}
  m_PrefabInstance: {fileID: 0}
  m_PrefabAsset: {fileID: 0}
  serializedVersion: 6
  m_Component:
  - component: {fileID: 163534958722411716}
  m_Layer: 8
  m_Name: CATRigSpine2
  m_TagString: Untagged
  m_Icon: {fileID: 0}
  m_NavMeshLayer: 0
  m_StaticEditorFlags: 0
  m_IsActive: 1
--- !u!4 &163534958722411716
Transform:
  m_ObjectHideFlags: 0
  m_CorrespondingSourceObject: {fileID: 0}
  m_PrefabInstance: {fileID: 0}
  m_PrefabAsset: {fileID: 0}
  m_GameObject: {fileID: 163534958722707684}
  m_LocalRotation: {x: 0, y: 1.2300171e-14, z: -0, w: 1}
  m_LocalPosition: {x: -0.07002344, y: 0, z: 1.4438228e-15}
  m_LocalScale: {x: 1, y: 1, z: 1}
  m_Children:
  - {fileID: 163534958722411894}
  m_Father: {fileID: 163534958722411738}
  m_RootOrder: 0
  m_LocalEulerAnglesHint: {x: 0, y: 0, z: 0}
--- !u!1 &163534958722707686
GameObject:
  m_ObjectHideFlags: 0
  m_CorrespondingSourceObject: {fileID: 0}
  m_PrefabInstance: {fileID: 0}
  m_PrefabAsset: {fileID: 0}
  serializedVersion: 6
  m_Component:
  - component: {fileID: 163534958722411718}
  m_Layer: 8
  m_Name: Character001
  m_TagString: Untagged
  m_Icon: {fileID: 0}
  m_NavMeshLayer: 0
  m_StaticEditorFlags: 0
  m_IsActive: 1
--- !u!4 &163534958722411718
Transform:
  m_ObjectHideFlags: 0
  m_CorrespondingSourceObject: {fileID: 0}
  m_PrefabInstance: {fileID: 0}
  m_PrefabAsset: {fileID: 0}
  m_GameObject: {fileID: 163534958722707686}
  m_LocalRotation: {x: 0.50000006, y: -0.50000006, z: -0.49999997, w: 0.49999997}
  m_LocalPosition: {x: -0, y: 0, z: 0}
  m_LocalScale: {x: 1, y: 1, z: 1}
  m_Children: []
  m_Father: {fileID: 163534958722411726}
  m_RootOrder: 9
  m_LocalEulerAnglesHint: {x: 0, y: 0, z: 0}
--- !u!1 &163534958722707692
GameObject:
  m_ObjectHideFlags: 0
  m_CorrespondingSourceObject: {fileID: 0}
  m_PrefabInstance: {fileID: 0}
  m_PrefabAsset: {fileID: 0}
  serializedVersion: 6
  m_Component:
  - component: {fileID: 163534958722411724}
  - component: {fileID: 163534958736374884}
  m_Layer: 8
  m_Name: Jaw_mesh
  m_TagString: Untagged
  m_Icon: {fileID: 0}
  m_NavMeshLayer: 0
  m_StaticEditorFlags: 0
  m_IsActive: 1
--- !u!4 &163534958722411724
Transform:
  m_ObjectHideFlags: 0
  m_CorrespondingSourceObject: {fileID: 0}
  m_PrefabInstance: {fileID: 0}
  m_PrefabAsset: {fileID: 0}
  m_GameObject: {fileID: 163534958722707692}
  m_LocalRotation: {x: -0.7071068, y: 0, z: -0, w: 0.7071068}
  m_LocalPosition: {x: -0, y: 0, z: 0}
  m_LocalScale: {x: 0.6939358, y: 0.6939358, z: 0.6939358}
  m_Children: []
  m_Father: {fileID: 163534958722411726}
  m_RootOrder: 12
  m_LocalEulerAnglesHint: {x: 0, y: 0, z: 0}
--- !u!137 &163534958736374884
SkinnedMeshRenderer:
  m_ObjectHideFlags: 0
  m_CorrespondingSourceObject: {fileID: 0}
  m_PrefabInstance: {fileID: 0}
  m_PrefabAsset: {fileID: 0}
  m_GameObject: {fileID: 163534958722707692}
  m_Enabled: 1
  m_CastShadows: 1
  m_ReceiveShadows: 1
  m_DynamicOccludee: 1
  m_MotionVectors: 1
  m_LightProbeUsage: 1
  m_ReflectionProbeUsage: 1
  m_RenderingLayerMask: 1
  m_RendererPriority: 0
  m_Materials:
  - {fileID: 2100000, guid: 859d33148dcff854495d2970f643507b, type: 2}
  m_StaticBatchInfo:
    firstSubMesh: 0
    subMeshCount: 0
  m_StaticBatchRoot: {fileID: 0}
  m_ProbeAnchor: {fileID: 0}
  m_LightProbeVolumeOverride: {fileID: 0}
  m_ScaleInLightmap: 1
  m_PreserveUVs: 0
  m_IgnoreNormalsForChartDetection: 0
  m_ImportantGI: 0
  m_StitchLightmapSeams: 1
  m_SelectedEditorRenderState: 3
  m_MinimumChartSize: 4
  m_AutoUVMaxDistance: 0.5
  m_AutoUVMaxAngle: 89
  m_LightmapParameters: {fileID: 0}
  m_SortingLayerID: 0
  m_SortingLayer: 0
  m_SortingOrder: 0
  serializedVersion: 2
  m_Quality: 0
  m_UpdateWhenOffscreen: 0
  m_SkinnedMotionVectors: 1
  m_Mesh: {fileID: 4300000, guid: 18c11b8faef85dd4f83933b1840887dd, type: 3}
  m_Bones:
  - {fileID: 163534958722411736}
  - {fileID: 163534958722411890}
  - {fileID: 163534958722411888}
  m_BlendShapeWeights: []
  m_RootBone: {fileID: 163534958722411736}
  m_AABB:
    m_Center: {x: -0.12956639, y: 0.12223445, z: -0.000000029802322}
    m_Extent: {x: 0.038596854, y: 0.030798867, z: 0.03685062}
  m_DirtyAABB: 0
--- !u!1 &163534958722707694
GameObject:
  m_ObjectHideFlags: 0
  m_CorrespondingSourceObject: {fileID: 0}
  m_PrefabInstance: {fileID: 0}
  m_PrefabAsset: {fileID: 0}
  serializedVersion: 6
  m_Component:
  - component: {fileID: 163534958722411726}
  - component: {fileID: 163534958732182196}
  m_Layer: 8
  m_Name: PrefabAssasinGame
  m_TagString: Untagged
  m_Icon: {fileID: 0}
  m_NavMeshLayer: 0
  m_StaticEditorFlags: 0
  m_IsActive: 1
--- !u!4 &163534958722411726
Transform:
  m_ObjectHideFlags: 0
  m_CorrespondingSourceObject: {fileID: 0}
  m_PrefabInstance: {fileID: 0}
  m_PrefabAsset: {fileID: 0}
  m_GameObject: {fileID: 163534958722707694}
  m_LocalRotation: {x: 0, y: 0, z: 0, w: 1}
  m_LocalPosition: {x: 0, y: 0, z: 0}
  m_LocalScale: {x: 1, y: 1, z: 1}
  m_Children:
  - {fileID: 163534958722411860}
  - {fileID: 163534958722411862}
  - {fileID: 163534958722411856}
  - {fileID: 163534958722411858}
  - {fileID: 163534958722411868}
  - {fileID: 163534958722411870}
  - {fileID: 163534958722411864}
  - {fileID: 163534958722411790}
  - {fileID: 163534958722411742}
  - {fileID: 163534958722411718}
  - {fileID: 163534958722411712}
  - {fileID: 163534958722411714}
  - {fileID: 163534958722411724}
  m_Father: {fileID: 0}
  m_RootOrder: 0
  m_LocalEulerAnglesHint: {x: 0, y: 0, z: 0}
--- !u!95 &163534958732182196
Animator:
  serializedVersion: 3
  m_ObjectHideFlags: 0
  m_CorrespondingSourceObject: {fileID: 0}
  m_PrefabInstance: {fileID: 0}
  m_PrefabAsset: {fileID: 0}
  m_GameObject: {fileID: 163534958722707694}
  m_Enabled: 1
  m_Avatar: {fileID: 9000000, guid: 18c11b8faef85dd4f83933b1840887dd, type: 3}
  m_Controller: {fileID: 9100000, guid: 1749e2229dfd1c04aa8458c868080ae9, type: 2}
  m_CullingMode: 1
  m_UpdateMode: 0
  m_ApplyRootMotion: 0
  m_LinearVelocityBlending: 0
  m_WarningMessage: 
  m_HasTransformHierarchy: 1
  m_AllowConstantClipSamplingOptimization: 1
  m_KeepAnimatorControllerStateOnDisable: 0
--- !u!1 &163534958722707696
GameObject:
  m_ObjectHideFlags: 0
  m_CorrespondingSourceObject: {fileID: 0}
  m_PrefabInstance: {fileID: 0}
  m_PrefabAsset: {fileID: 0}
  serializedVersion: 6
  m_Component:
  - component: {fileID: 163534958722411728}
  m_Layer: 8
  m_Name: CATRigRLeg2
  m_TagString: Untagged
  m_Icon: {fileID: 0}
  m_NavMeshLayer: 0
  m_StaticEditorFlags: 0
  m_IsActive: 1
--- !u!4 &163534958722411728
Transform:
  m_ObjectHideFlags: 0
  m_CorrespondingSourceObject: {fileID: 0}
  m_PrefabInstance: {fileID: 0}
  m_PrefabAsset: {fileID: 0}
  m_GameObject: {fileID: 163534958722707696}
  m_LocalRotation: {x: 0.0077032717, y: -0.0016907693, z: 0.07616289, w: 0.9970642}
  m_LocalPosition: {x: -0.46980232, y: -0.00000058135987, z: 0.00000041179658}
  m_LocalScale: {x: 1, y: 1, z: 1.0000002}
  m_Children:
  - {fileID: 163534958722411730}
  m_Father: {fileID: 163534958722411734}
  m_RootOrder: 0
  m_LocalEulerAnglesHint: {x: 0, y: 0, z: 0}
--- !u!1 &163534958722707698
GameObject:
  m_ObjectHideFlags: 0
  m_CorrespondingSourceObject: {fileID: 0}
  m_PrefabInstance: {fileID: 0}
  m_PrefabAsset: {fileID: 0}
  serializedVersion: 6
  m_Component:
  - component: {fileID: 163534958722411730}
  m_Layer: 8
  m_Name: CATRigRLegAnkle
  m_TagString: Untagged
  m_Icon: {fileID: 0}
  m_NavMeshLayer: 0
  m_StaticEditorFlags: 0
  m_IsActive: 1
--- !u!4 &163534958722411730
Transform:
  m_ObjectHideFlags: 0
  m_CorrespondingSourceObject: {fileID: 0}
  m_PrefabInstance: {fileID: 0}
  m_PrefabAsset: {fileID: 0}
  m_GameObject: {fileID: 163534958722707698}
  m_LocalRotation: {x: 0.016205324, y: -0.05349064, z: -0.5233306, w: 0.85029477}
  m_LocalPosition: {x: -0.44688168, y: 0.00000000756979, z: -0.000000024223327}
  m_LocalScale: {x: 1.0000001, y: 1, z: 0.9999999}
  m_Children:
  - {fileID: 163534958722411740}
  m_Father: {fileID: 163534958722411728}
  m_RootOrder: 0
  m_LocalEulerAnglesHint: {x: 0, y: 0, z: 0}
--- !u!1 &163534958722707700
GameObject:
  m_ObjectHideFlags: 0
  m_CorrespondingSourceObject: {fileID: 0}
  m_PrefabInstance: {fileID: 0}
  m_PrefabAsset: {fileID: 0}
  serializedVersion: 6
  m_Component:
  - component: {fileID: 163534958722411732}
  m_Layer: 8
  m_Name: CATRigRArmPalm
  m_TagString: Untagged
  m_Icon: {fileID: 0}
  m_NavMeshLayer: 0
  m_StaticEditorFlags: 0
  m_IsActive: 1
--- !u!4 &163534958722411732
Transform:
  m_ObjectHideFlags: 0
  m_CorrespondingSourceObject: {fileID: 0}
  m_PrefabInstance: {fileID: 0}
  m_PrefabAsset: {fileID: 0}
  m_GameObject: {fileID: 163534958722707700}
  m_LocalRotation: {x: 0.800582, y: 0.0052476353, z: 0.0553652, w: 0.596637}
  m_LocalPosition: {x: -0.27314678, y: -0.00000007872581, z: -0.00000038757324}
  m_LocalScale: {x: 1.0000006, y: 1.0000002, z: 0.9999992}
  m_Children:
  - {fileID: 163534958722411830}
  - {fileID: 163534958722411836}
  - {fileID: 163534958722411834}
  - {fileID: 163534958722411808}
  - {fileID: 163534958722411822}
  m_Father: {fileID: 163534958722411786}
  m_RootOrder: 0
  m_LocalEulerAnglesHint: {x: 0, y: 0, z: 0}
--- !u!1 &163534958722707702
GameObject:
  m_ObjectHideFlags: 0
  m_CorrespondingSourceObject: {fileID: 0}
  m_PrefabInstance: {fileID: 0}
  m_PrefabAsset: {fileID: 0}
  serializedVersion: 6
  m_Component:
  - component: {fileID: 163534958722411734}
  m_Layer: 8
  m_Name: CATRigRLeg1
  m_TagString: Untagged
  m_Icon: {fileID: 0}
  m_NavMeshLayer: 0
  m_StaticEditorFlags: 0
  m_IsActive: 1
--- !u!4 &163534958722411734
Transform:
  m_ObjectHideFlags: 0
  m_CorrespondingSourceObject: {fileID: 0}
  m_PrefabInstance: {fileID: 0}
  m_PrefabAsset: {fileID: 0}
  m_GameObject: {fileID: 163534958722707702}
  m_LocalRotation: {x: -0.005930393, y: 0.9908439, z: -0.106478065, w: -0.082798615}
  m_LocalPosition: {x: 0.021445492, y: 0.012619051, z: -0.0818018}
  m_LocalScale: {x: 1, y: 1, z: 1}
  m_Children:
  - {fileID: 163534958722411728}
  m_Father: {fileID: 163534958722411864}
  m_RootOrder: 5
  m_LocalEulerAnglesHint: {x: 0, y: 0, z: 0}
--- !u!1 &163534958722707704
GameObject:
  m_ObjectHideFlags: 0
  m_CorrespondingSourceObject: {fileID: 0}
  m_PrefabInstance: {fileID: 0}
  m_PrefabAsset: {fileID: 0}
  serializedVersion: 6
  m_Component:
  - component: {fileID: 163534958722411736}
  m_Layer: 8
  m_Name: CATRigSpine
  m_TagString: Untagged
  m_Icon: {fileID: 0}
  m_NavMeshLayer: 0
  m_StaticEditorFlags: 0
  m_IsActive: 1
--- !u!4 &163534958722411736
Transform:
  m_ObjectHideFlags: 0
  m_CorrespondingSourceObject: {fileID: 0}
  m_PrefabInstance: {fileID: 0}
  m_PrefabAsset: {fileID: 0}
  m_GameObject: {fileID: 163534958722707704}
  m_LocalRotation: {x: 0.0000000040454533, y: 0.000000006225786, z: -0.0860881, w: 0.9962875}
  m_LocalPosition: {x: -0.25013396, y: -0.013136538, z: 0.0000000025577929}
  m_LocalScale: {x: 0.99999994, y: 0.9999999, z: 0.99999994}
  m_Children:
  - {fileID: 163534958722411888}
  m_Father: {fileID: 163534958722411894}
  m_RootOrder: 2
  m_LocalEulerAnglesHint: {x: 0, y: 0, z: 0}
--- !u!1 &163534958722707706
GameObject:
  m_ObjectHideFlags: 0
  m_CorrespondingSourceObject: {fileID: 0}
  m_PrefabInstance: {fileID: 0}
  m_PrefabAsset: {fileID: 0}
  serializedVersion: 6
  m_Component:
  - component: {fileID: 163534958722411738}
  m_Layer: 8
  m_Name: CATRigSpine1
  m_TagString: Untagged
  m_Icon: {fileID: 0}
  m_NavMeshLayer: 0
  m_StaticEditorFlags: 0
  m_IsActive: 1
--- !u!4 &163534958722411738
Transform:
  m_ObjectHideFlags: 0
  m_CorrespondingSourceObject: {fileID: 0}
  m_PrefabInstance: {fileID: 0}
  m_PrefabAsset: {fileID: 0}
  m_GameObject: {fileID: 163534958722707706}
  m_LocalRotation: {x: 7.10543e-15, y: 2.5571745e-14, z: 7.1054274e-15, w: 1}
  m_LocalPosition: {x: -0.14364345, y: -0.03420423, z: 0.0000000066598185}
  m_LocalScale: {x: 1, y: 1, z: 1}
  m_Children:
  - {fileID: 163534958722411716}
  m_Father: {fileID: 163534958722411864}
  m_RootOrder: 6
  m_LocalEulerAnglesHint: {x: 0, y: 0, z: 0}
--- !u!1 &163534958722707708
GameObject:
  m_ObjectHideFlags: 0
  m_CorrespondingSourceObject: {fileID: 0}
  m_PrefabInstance: {fileID: 0}
  m_PrefabAsset: {fileID: 0}
  serializedVersion: 6
  m_Component:
  - component: {fileID: 163534958722411740}
  m_Layer: 8
  m_Name: CATRigRLegDigit11
  m_TagString: Untagged
  m_Icon: {fileID: 0}
  m_NavMeshLayer: 0
  m_StaticEditorFlags: 0
  m_IsActive: 1
--- !u!4 &163534958722411740
Transform:
  m_ObjectHideFlags: 0
  m_CorrespondingSourceObject: {fileID: 0}
  m_PrefabInstance: {fileID: 0}
  m_PrefabAsset: {fileID: 0}
  m_GameObject: {fileID: 163534958722707708}
  m_LocalRotation: {x: 0.02825305, y: 0.006924935, z: -0.28984344, w: 0.95663196}
  m_LocalPosition: {x: -0.21183467, y: 0.00000032701493, z: 0.00000009689331}
  m_LocalScale: {x: 1.0000007, y: 0.9999992, z: 1}
  m_Children: []
  m_Father: {fileID: 163534958722411730}
  m_RootOrder: 0
  m_LocalEulerAnglesHint: {x: 0, y: 0, z: 0}
--- !u!1 &163534958722707710
GameObject:
  m_ObjectHideFlags: 0
  m_CorrespondingSourceObject: {fileID: 0}
  m_PrefabInstance: {fileID: 0}
  m_PrefabAsset: {fileID: 0}
  serializedVersion: 6
  m_Component:
  - component: {fileID: 163534958722411742}
  m_Layer: 8
  m_Name: CATRigRLegPlatform
  m_TagString: Untagged
  m_Icon: {fileID: 0}
  m_NavMeshLayer: 0
  m_StaticEditorFlags: 0
  m_IsActive: 1
--- !u!4 &163534958722411742
Transform:
  m_ObjectHideFlags: 0
  m_CorrespondingSourceObject: {fileID: 0}
  m_PrefabInstance: {fileID: 0}
  m_PrefabAsset: {fileID: 0}
  m_GameObject: {fileID: 163534958722707710}
  m_LocalRotation: {x: 0.50000006, y: -0.50000006, z: -0.49999997, w: 0.49999997}
  m_LocalPosition: {x: 0.24274608, y: -9.200228e-10, z: -0.0056469524}
  m_LocalScale: {x: 1, y: 1, z: 1}
  m_Children: []
  m_Father: {fileID: 163534958722411726}
  m_RootOrder: 8
  m_LocalEulerAnglesHint: {x: 0, y: 0, z: 0}
--- !u!1 &163534958722707712
GameObject:
  m_ObjectHideFlags: 0
  m_CorrespondingSourceObject: {fileID: 0}
  m_PrefabInstance: {fileID: 0}
  m_PrefabAsset: {fileID: 0}
  serializedVersion: 6
  m_Component:
  - component: {fileID: 163534958722411872}
  m_Layer: 8
  m_Name: CATRigLArmDigit12
  m_TagString: Untagged
  m_Icon: {fileID: 0}
  m_NavMeshLayer: 0
  m_StaticEditorFlags: 0
  m_IsActive: 1
--- !u!4 &163534958722411872
Transform:
  m_ObjectHideFlags: 0
  m_CorrespondingSourceObject: {fileID: 0}
  m_PrefabInstance: {fileID: 0}
  m_PrefabAsset: {fileID: 0}
  m_GameObject: {fileID: 163534958722707712}
  m_LocalRotation: {x: 0.00000047795027, y: 0.00000087190483, z: 0.113342576, w: 0.99355596}
  m_LocalPosition: {x: -0.047945473, y: 0.00000009689331, z: 0}
  m_LocalScale: {x: 0.9999989, y: 1.0000008, z: 1.0000004}
  m_Children:
  - {fileID: 163534958722411874}
  m_Father: {fileID: 163534958722411878}
  m_RootOrder: 0
  m_LocalEulerAnglesHint: {x: 0, y: 0, z: 0}
--- !u!1 &163534958722707714
GameObject:
  m_ObjectHideFlags: 0
  m_CorrespondingSourceObject: {fileID: 0}
  m_PrefabInstance: {fileID: 0}
  m_PrefabAsset: {fileID: 0}
  serializedVersion: 6
  m_Component:
  - component: {fileID: 163534958722411874}
  m_Layer: 8
  m_Name: CATRigLArmDigit13
  m_TagString: Untagged
  m_Icon: {fileID: 0}
  m_NavMeshLayer: 0
  m_StaticEditorFlags: 0
  m_IsActive: 1
--- !u!4 &163534958722411874
Transform:
  m_ObjectHideFlags: 0
  m_CorrespondingSourceObject: {fileID: 0}
  m_PrefabInstance: {fileID: 0}
  m_PrefabAsset: {fileID: 0}
  m_GameObject: {fileID: 163534958722707714}
  m_LocalRotation: {x: 0.0000010979048, y: -0.00000015673082, z: 0.0542552, w: 0.9985271}
  m_LocalPosition: {x: -0.047529366, y: -0.00000009689331, z: 0}
  m_LocalScale: {x: 0.9999992, y: 1.0000005, z: 1.0000004}
  m_Children: []
  m_Father: {fileID: 163534958722411872}
  m_RootOrder: 0
  m_LocalEulerAnglesHint: {x: 0, y: 0, z: 0}
--- !u!1 &163534958722707716
GameObject:
  m_ObjectHideFlags: 0
  m_CorrespondingSourceObject: {fileID: 0}
  m_PrefabInstance: {fileID: 0}
  m_PrefabAsset: {fileID: 0}
  serializedVersion: 6
  m_Component:
  - component: {fileID: 163534958722411876}
  m_Layer: 8
  m_Name: CATRigLArmCollarbone
  m_TagString: Untagged
  m_Icon: {fileID: 0}
  m_NavMeshLayer: 0
  m_StaticEditorFlags: 0
  m_IsActive: 1
--- !u!4 &163534958722411876
Transform:
  m_ObjectHideFlags: 0
  m_CorrespondingSourceObject: {fileID: 0}
  m_PrefabInstance: {fileID: 0}
  m_PrefabAsset: {fileID: 0}
  m_GameObject: {fileID: 163534958722707716}
  m_LocalRotation: {x: 0.0005063854, y: 0.7548197, z: 0.00043885864, w: 0.655932}
  m_LocalPosition: {x: -0.21490869, y: -0.026549092, z: 0.029108252}
  m_LocalScale: {x: 1, y: 1, z: 1}
  m_Children:
  - {fileID: 163534958722411896}
  m_Father: {fileID: 163534958722411894}
  m_RootOrder: 0
  m_LocalEulerAnglesHint: {x: 0, y: 0, z: 0}
--- !u!1 &163534958722707718
GameObject:
  m_ObjectHideFlags: 0
  m_CorrespondingSourceObject: {fileID: 0}
  m_PrefabInstance: {fileID: 0}
  m_PrefabAsset: {fileID: 0}
  serializedVersion: 6
  m_Component:
  - component: {fileID: 163534958722411878}
  m_Layer: 8
  m_Name: CATRigLArmDigit11
  m_TagString: Untagged
  m_Icon: {fileID: 0}
  m_NavMeshLayer: 0
  m_StaticEditorFlags: 0
  m_IsActive: 1
--- !u!4 &163534958722411878
Transform:
  m_ObjectHideFlags: 0
  m_CorrespondingSourceObject: {fileID: 0}
  m_PrefabInstance: {fileID: 0}
  m_PrefabAsset: {fileID: 0}
  m_GameObject: {fileID: 163534958722707718}
  m_LocalRotation: {x: 0.4928794, y: 0.32828814, z: 0.13042676, w: 0.795164}
  m_LocalPosition: {x: -0.016736962, y: -0.012711336, z: 0.04614505}
  m_LocalScale: {x: 0.9999991, y: 1.0000005, z: 1.0000004}
  m_Children:
  - {fileID: 163534958722411872}
  m_Father: {fileID: 163534958722411780}
  m_RootOrder: 0
  m_LocalEulerAnglesHint: {x: 0, y: 0, z: 0}
--- !u!1 &163534958722707720
GameObject:
  m_ObjectHideFlags: 0
  m_CorrespondingSourceObject: {fileID: 0}
  m_PrefabInstance: {fileID: 0}
  m_PrefabAsset: {fileID: 0}
  serializedVersion: 6
  m_Component:
  - component: {fileID: 163534958722411880}
  m_Layer: 8
  m_Name: CATRigLArmDigit23
  m_TagString: Untagged
  m_Icon: {fileID: 0}
  m_NavMeshLayer: 0
  m_StaticEditorFlags: 0
  m_IsActive: 1
--- !u!4 &163534958722411880
Transform:
  m_ObjectHideFlags: 0
  m_CorrespondingSourceObject: {fileID: 0}
  m_PrefabInstance: {fileID: 0}
  m_PrefabAsset: {fileID: 0}
  m_GameObject: {fileID: 163534958722707720}
  m_LocalRotation: {x: 0.00000022316495, y: 0.00000017182225, z: 0.002053566, w: 0.9999979}
  m_LocalPosition: {x: -0.031039383, y: 0, z: 0.000000048446655}
  m_LocalScale: {x: 0.99999857, y: 1.0000005, z: 1.0000007}
  m_Children: []
  m_Father: {fileID: 163534958722411886}
  m_RootOrder: 0
  m_LocalEulerAnglesHint: {x: 0, y: 0, z: 0}
--- !u!1 &163534958722707722
GameObject:
  m_ObjectHideFlags: 0
  m_CorrespondingSourceObject: {fileID: 0}
  m_PrefabInstance: {fileID: 0}
  m_PrefabAsset: {fileID: 0}
  serializedVersion: 6
  m_Component:
  - component: {fileID: 163534958722411882}
  m_Layer: 8
  m_Name: CATRigLArmDigit31
  m_TagString: Untagged
  m_Icon: {fileID: 0}
  m_NavMeshLayer: 0
  m_StaticEditorFlags: 0
  m_IsActive: 1
--- !u!4 &163534958722411882
Transform:
  m_ObjectHideFlags: 0
  m_CorrespondingSourceObject: {fileID: 0}
  m_PrefabInstance: {fileID: 0}
  m_PrefabAsset: {fileID: 0}
  m_GameObject: {fileID: 163534958722707722}
  m_LocalRotation: {x: 0.0024408626, y: -0.016631277, z: 0.1451834, w: 0.989262}
  m_LocalPosition: {x: -0.09903601, y: 0.0055267946, z: 0.009353063}
  m_LocalScale: {x: 0.99999875, y: 1.0000002, z: 1.0000008}
  m_Children:
  - {fileID: 163534958722411796}
  m_Father: {fileID: 163534958722411780}
  m_RootOrder: 2
  m_LocalEulerAnglesHint: {x: 0, y: 0, z: 0}
--- !u!1 &163534958722707724
GameObject:
  m_ObjectHideFlags: 0
  m_CorrespondingSourceObject: {fileID: 0}
  m_PrefabInstance: {fileID: 0}
  m_PrefabAsset: {fileID: 0}
  serializedVersion: 6
  m_Component:
  - component: {fileID: 163534958722411884}
  m_Layer: 8
  m_Name: CATRigLArmDigit21
  m_TagString: Untagged
  m_Icon: {fileID: 0}
  m_NavMeshLayer: 0
  m_StaticEditorFlags: 0
  m_IsActive: 1
--- !u!4 &163534958722411884
Transform:
  m_ObjectHideFlags: 0
  m_CorrespondingSourceObject: {fileID: 0}
  m_PrefabInstance: {fileID: 0}
  m_PrefabAsset: {fileID: 0}
  m_GameObject: {fileID: 163534958722707724}
  m_LocalRotation: {x: 0.0058436412, y: 0.044608556, z: 0.12975517, w: 0.9905249}
  m_LocalPosition: {x: -0.10386241, y: 0.0026684417, z: 0.037948314}
  m_LocalScale: {x: 0.99999887, y: 1.0000002, z: 1.0000006}
  m_Children:
  - {fileID: 163534958722411886}
  m_Father: {fileID: 163534958722411780}
  m_RootOrder: 1
  m_LocalEulerAnglesHint: {x: 0, y: 0, z: 0}
--- !u!1 &163534958722707726
GameObject:
  m_ObjectHideFlags: 0
  m_CorrespondingSourceObject: {fileID: 0}
  m_PrefabInstance: {fileID: 0}
  m_PrefabAsset: {fileID: 0}
  serializedVersion: 6
  m_Component:
  - component: {fileID: 163534958722411886}
  m_Layer: 8
  m_Name: CATRigLArmDigit22
  m_TagString: Untagged
  m_Icon: {fileID: 0}
  m_NavMeshLayer: 0
  m_StaticEditorFlags: 0
  m_IsActive: 1
--- !u!4 &163534958722411886
Transform:
  m_ObjectHideFlags: 0
  m_CorrespondingSourceObject: {fileID: 0}
  m_PrefabInstance: {fileID: 0}
  m_PrefabAsset: {fileID: 0}
  m_GameObject: {fileID: 163534958722707726}
  m_LocalRotation: {x: -0.00000027102993, y: 0.00000020937517, z: 0.14253855, w: 0.98978925}
  m_LocalPosition: {x: -0.058569487, y: 0, z: 0.000000048446655}
  m_LocalScale: {x: 0.99999857, y: 1.0000005, z: 1.0000007}
  m_Children:
  - {fileID: 163534958722411880}
  m_Father: {fileID: 163534958722411884}
  m_RootOrder: 0
  m_LocalEulerAnglesHint: {x: 0, y: 0, z: 0}
--- !u!1 &163534958722707728
GameObject:
  m_ObjectHideFlags: 0
  m_CorrespondingSourceObject: {fileID: 0}
  m_PrefabInstance: {fileID: 0}
  m_PrefabAsset: {fileID: 0}
  serializedVersion: 6
  m_Component:
  - component: {fileID: 163534958722411888}
  m_Layer: 8
  m_Name: CATRigHub003
  m_TagString: Untagged
  m_Icon: {fileID: 0}
  m_NavMeshLayer: 0
  m_StaticEditorFlags: 0
  m_IsActive: 1
--- !u!4 &163534958722411888
Transform:
  m_ObjectHideFlags: 0
  m_CorrespondingSourceObject: {fileID: 0}
  m_PrefabInstance: {fileID: 0}
  m_PrefabAsset: {fileID: 0}
  m_GameObject: {fileID: 163534958722707728}
  m_LocalRotation: {x: -0.0000000032861132, y: -0.0000000066578982, z: -0.031541064,
    w: 0.9995025}
  m_LocalPosition: {x: -0.06912882, y: -0.000000024223327, z: -7.219114e-16}
  m_LocalScale: {x: 1.0000001, y: 1.0000001, z: 1}
  m_Children:
  - {fileID: 163534958722411890}
  - {fileID: 163534958722411900}
  - {fileID: 163534958722411902}
  m_Father: {fileID: 163534958722411736}
  m_RootOrder: 0
  m_LocalEulerAnglesHint: {x: 0, y: 0, z: 0}
--- !u!1 &163534958722707730
GameObject:
  m_ObjectHideFlags: 0
  m_CorrespondingSourceObject: {fileID: 0}
  m_PrefabInstance: {fileID: 0}
  m_PrefabAsset: {fileID: 0}
  serializedVersion: 6
  m_Component:
  - component: {fileID: 163534958722411890}
  m_Layer: 8
  m_Name: CATRigHub003Bone001
  m_TagString: Untagged
  m_Icon: {fileID: 0}
  m_NavMeshLayer: 0
  m_StaticEditorFlags: 0
  m_IsActive: 1
--- !u!4 &163534958722411890
Transform:
  m_ObjectHideFlags: 0
  m_CorrespondingSourceObject: {fileID: 0}
  m_PrefabInstance: {fileID: 0}
  m_PrefabAsset: {fileID: 0}
  m_GameObject: {fileID: 163534958722707730}
  m_LocalRotation: {x: -4.7236016e-15, y: 4.6849197e-15, z: -0.85520685, w: 0.5182869}
  m_LocalPosition: {x: -0.0762624, y: 0.036246214, z: -0.000000010327032}
  m_LocalScale: {x: 1.0000001, y: 1.0000001, z: 1}
  m_Children: []
  m_Father: {fileID: 163534958722411888}
  m_RootOrder: 0
  m_LocalEulerAnglesHint: {x: 0, y: 0, z: 0}
--- !u!1 &163534958722707732
GameObject:
  m_ObjectHideFlags: 0
  m_CorrespondingSourceObject: {fileID: 0}
  m_PrefabInstance: {fileID: 0}
  m_PrefabAsset: {fileID: 0}
  serializedVersion: 6
  m_Component:
  - component: {fileID: 163534958722411892}
  m_Layer: 8
  m_Name: CATRigHub001Bone004Bone001Bone001
  m_TagString: Untagged
  m_Icon: {fileID: 0}
  m_NavMeshLayer: 0
  m_StaticEditorFlags: 0
  m_IsActive: 1
--- !u!4 &163534958722411892
Transform:
  m_ObjectHideFlags: 0
  m_CorrespondingSourceObject: {fileID: 0}
  m_PrefabInstance: {fileID: 0}
  m_PrefabAsset: {fileID: 0}
  m_GameObject: {fileID: 163534958722707732}
  m_LocalRotation: {x: -1.7796716e-21, y: -9.55343e-16, z: -1.700197e-36, w: 1}
  m_LocalPosition: {x: -0.1405016, y: 0.000000012111664, z: -1.263345e-15}
  m_LocalScale: {x: 1, y: 1, z: 1}
  m_Children: []
  m_Father: {fileID: 163534958722411850}
  m_RootOrder: 0
  m_LocalEulerAnglesHint: {x: 0, y: 0, z: 0}
--- !u!1 &163534958722707734
GameObject:
  m_ObjectHideFlags: 0
  m_CorrespondingSourceObject: {fileID: 0}
  m_PrefabInstance: {fileID: 0}
  m_PrefabAsset: {fileID: 0}
  serializedVersion: 6
  m_Component:
  - component: {fileID: 163534958722411894}
  m_Layer: 8
  m_Name: CATRigHub002
  m_TagString: Untagged
  m_Icon: {fileID: 0}
  m_NavMeshLayer: 0
  m_StaticEditorFlags: 0
  m_IsActive: 1
--- !u!4 &163534958722411894
Transform:
  m_ObjectHideFlags: 0
  m_CorrespondingSourceObject: {fileID: 0}
  m_PrefabInstance: {fileID: 0}
  m_PrefabAsset: {fileID: 0}
  m_GameObject: {fileID: 163534958722707734}
  m_LocalRotation: {x: -7.1054274e-15, y: -1.3271574e-14, z: -7.1054274e-15, w: 1}
  m_LocalPosition: {x: -0.07002344, y: 0, z: 2.1657343e-15}
  m_LocalScale: {x: 1, y: 1, z: 1}
  m_Children:
  - {fileID: 163534958722411876}
  - {fileID: 163534958722411828}
  - {fileID: 163534958722411736}
  m_Father: {fileID: 163534958722411716}
  m_RootOrder: 0
  m_LocalEulerAnglesHint: {x: 0, y: 0, z: 0}
--- !u!1 &163534958722707736
GameObject:
  m_ObjectHideFlags: 0
  m_CorrespondingSourceObject: {fileID: 0}
  m_PrefabInstance: {fileID: 0}
  m_PrefabAsset: {fileID: 0}
  serializedVersion: 6
  m_Component:
  - component: {fileID: 163534958722411896}
  m_Layer: 8
  m_Name: CATRigLArm1
  m_TagString: Untagged
  m_Icon: {fileID: 0}
  m_NavMeshLayer: 0
  m_StaticEditorFlags: 0
  m_IsActive: 1
--- !u!4 &163534958722411896
Transform:
  m_ObjectHideFlags: 0
  m_CorrespondingSourceObject: {fileID: 0}
  m_PrefabInstance: {fileID: 0}
  m_PrefabAsset: {fileID: 0}
  m_GameObject: {fileID: 163534958722707736}
  m_LocalRotation: {x: 0.0026382108, y: 0.07249487, z: 0.032039445, w: 0.99685055}
  m_LocalPosition: {x: -0.18894994, y: 0.000000006055832, z: 0}
  m_LocalScale: {x: 0.99999994, y: 1, z: 0.99999994}
  m_Children:
  - {fileID: 163534958722411898}
  m_Father: {fileID: 163534958722411876}
  m_RootOrder: 0
  m_LocalEulerAnglesHint: {x: 0, y: 0, z: 0}
--- !u!1 &163534958722707738
GameObject:
  m_ObjectHideFlags: 0
  m_CorrespondingSourceObject: {fileID: 0}
  m_PrefabInstance: {fileID: 0}
  m_PrefabAsset: {fileID: 0}
  serializedVersion: 6
  m_Component:
  - component: {fileID: 163534958722411898}
  m_Layer: 8
  m_Name: CATRigLArm2
  m_TagString: Untagged
  m_Icon: {fileID: 0}
  m_NavMeshLayer: 0
  m_StaticEditorFlags: 0
  m_IsActive: 1
--- !u!4 &163534958722411898
Transform:
  m_ObjectHideFlags: 0
  m_CorrespondingSourceObject: {fileID: 0}
  m_PrefabInstance: {fileID: 0}
  m_PrefabAsset: {fileID: 0}
  m_GameObject: {fileID: 163534958722707738}
  m_LocalRotation: {x: -0.00028115825, y: 0.0061259246, z: -0.12324829, w: 0.99235696}
  m_LocalPosition: {x: -0.24215591, y: -0.00000030884743, z: 0.0000010658264}
  m_LocalScale: {x: 0.9999994, y: 1.0000006, z: 0.9999998}
  m_Children:
  - {fileID: 163534958722411780}
  m_Father: {fileID: 163534958722411896}
  m_RootOrder: 0
  m_LocalEulerAnglesHint: {x: 0, y: 0, z: 0}
--- !u!1 &163534958722707740
GameObject:
  m_ObjectHideFlags: 0
  m_CorrespondingSourceObject: {fileID: 0}
  m_PrefabInstance: {fileID: 0}
  m_PrefabAsset: {fileID: 0}
  serializedVersion: 6
  m_Component:
  - component: {fileID: 163534958722411900}
  m_Layer: 8
  m_Name: CATRigHub003Bone002
  m_TagString: Untagged
  m_Icon: {fileID: 0}
  m_NavMeshLayer: 0
  m_StaticEditorFlags: 0
  m_IsActive: 1
--- !u!4 &163534958722411900
Transform:
  m_ObjectHideFlags: 0
  m_CorrespondingSourceObject: {fileID: 0}
  m_PrefabInstance: {fileID: 0}
  m_PrefabAsset: {fileID: 0}
  m_GameObject: {fileID: 163534958722707740}
  m_LocalRotation: {x: 0.12249261, y: 0.1563421, z: -0.6044521, w: 0.77148587}
  m_LocalPosition: {x: -0.14552096, y: 0.1032373, z: 0.03963893}
  m_LocalScale: {x: 1, y: 1.0000001, z: 1}
  m_Children: []
  m_Father: {fileID: 163534958722411888}
  m_RootOrder: 1
  m_LocalEulerAnglesHint: {x: 0, y: 0, z: 0}
--- !u!1 &163534958722707742
GameObject:
  m_ObjectHideFlags: 0
  m_CorrespondingSourceObject: {fileID: 0}
  m_PrefabInstance: {fileID: 0}
  m_PrefabAsset: {fileID: 0}
  serializedVersion: 6
  m_Component:
  - component: {fileID: 163534958722411902}
  m_Layer: 8
  m_Name: CATRigHub003Bone003
  m_TagString: Untagged
  m_Icon: {fileID: 0}
  m_NavMeshLayer: 0
  m_StaticEditorFlags: 0
  m_IsActive: 1
--- !u!4 &163534958722411902
Transform:
  m_ObjectHideFlags: 0
  m_CorrespondingSourceObject: {fileID: 0}
  m_PrefabInstance: {fileID: 0}
  m_PrefabAsset: {fileID: 0}
  m_GameObject: {fileID: 163534958722707742}
  m_LocalRotation: {x: -0.12249263, y: -0.15634213, z: -0.6044521, w: 0.77148587}
  m_LocalPosition: {x: -0.14552096, y: 0.10323728, z: -0.03963893}
  m_LocalScale: {x: 1, y: 1.0000001, z: 1}
  m_Children: []
  m_Father: {fileID: 163534958722411888}
  m_RootOrder: 2
  m_LocalEulerAnglesHint: {x: 0, y: 0, z: 0}
--- !u!1 &163534958722707744
GameObject:
  m_ObjectHideFlags: 0
  m_CorrespondingSourceObject: {fileID: 0}
  m_PrefabInstance: {fileID: 0}
  m_PrefabAsset: {fileID: 0}
  serializedVersion: 6
  m_Component:
  - component: {fileID: 163534958722411776}
  m_Layer: 8
  m_Name: CATRigLLeg2
  m_TagString: Untagged
  m_Icon: {fileID: 0}
  m_NavMeshLayer: 0
  m_StaticEditorFlags: 0
  m_IsActive: 1
--- !u!4 &163534958722411776
Transform:
  m_ObjectHideFlags: 0
  m_CorrespondingSourceObject: {fileID: 0}
  m_PrefabInstance: {fileID: 0}
  m_PrefabAsset: {fileID: 0}
  m_GameObject: {fileID: 163534958722707744}
  m_LocalRotation: {x: -0.0077046873, y: 0.0017020509, z: 0.07609673, w: 0.99706924}
  m_LocalPosition: {x: -0.46980238, y: -0.0000005874157, z: -0.0000004360199}
  m_LocalScale: {x: 1.0000002, y: 0.99999994, z: 1}
  m_Children:
  - {fileID: 163534958722411778}
  m_Father: {fileID: 163534958722411782}
  m_RootOrder: 0
  m_LocalEulerAnglesHint: {x: 0, y: 0, z: 0}
--- !u!1 &163534958722707746
GameObject:
  m_ObjectHideFlags: 0
  m_CorrespondingSourceObject: {fileID: 0}
  m_PrefabInstance: {fileID: 0}
  m_PrefabAsset: {fileID: 0}
  serializedVersion: 6
  m_Component:
  - component: {fileID: 163534958722411778}
  m_Layer: 8
  m_Name: CATRigLLegAnkle
  m_TagString: Untagged
  m_Icon: {fileID: 0}
  m_NavMeshLayer: 0
  m_StaticEditorFlags: 0
  m_IsActive: 1
--- !u!4 &163534958722411778
Transform:
  m_ObjectHideFlags: 0
  m_CorrespondingSourceObject: {fileID: 0}
  m_PrefabInstance: {fileID: 0}
  m_PrefabAsset: {fileID: 0}
  m_GameObject: {fileID: 163534958722707746}
  m_LocalRotation: {x: -0.01620239, y: 0.053479858, z: -0.5232702, w: 0.8503327}
  m_LocalPosition: {x: -0.44688168, y: 0.000000001513958, z: 0}
  m_LocalScale: {x: 0.99999994, y: 1, z: 1.0000001}
  m_Children:
  - {fileID: 163534958722411788}
  m_Father: {fileID: 163534958722411776}
  m_RootOrder: 0
  m_LocalEulerAnglesHint: {x: 0, y: 0, z: 0}
--- !u!1 &163534958722707748
GameObject:
  m_ObjectHideFlags: 0
  m_CorrespondingSourceObject: {fileID: 0}
  m_PrefabInstance: {fileID: 0}
  m_PrefabAsset: {fileID: 0}
  serializedVersion: 6
  m_Component:
  - component: {fileID: 163534958722411780}
  m_Layer: 8
  m_Name: CATRigLArmPalm
  m_TagString: Untagged
  m_Icon: {fileID: 0}
  m_NavMeshLayer: 0
  m_StaticEditorFlags: 0
  m_IsActive: 1
--- !u!4 &163534958722411780
Transform:
  m_ObjectHideFlags: 0
  m_CorrespondingSourceObject: {fileID: 0}
  m_PrefabInstance: {fileID: 0}
  m_PrefabAsset: {fileID: 0}
  m_GameObject: {fileID: 163534958722707748}
  m_LocalRotation: {x: -0.80058205, y: -0.0052482192, z: 0.055364173, w: 0.596637}
  m_LocalPosition: {x: -0.27314654, y: 0.00000006055832, z: -0.00000038757324}
  m_LocalScale: {x: 0.9999992, y: 0.99999976, z: 1.0000007}
  m_Children:
  - {fileID: 163534958722411878}
  - {fileID: 163534958722411884}
  - {fileID: 163534958722411882}
  - {fileID: 163534958722411792}
  - {fileID: 163534958722411806}
  m_Father: {fileID: 163534958722411898}
  m_RootOrder: 0
  m_LocalEulerAnglesHint: {x: 0, y: 0, z: 0}
--- !u!1 &163534958722707750
GameObject:
  m_ObjectHideFlags: 0
  m_CorrespondingSourceObject: {fileID: 0}
  m_PrefabInstance: {fileID: 0}
  m_PrefabAsset: {fileID: 0}
  serializedVersion: 6
  m_Component:
  - component: {fileID: 163534958722411782}
  m_Layer: 8
  m_Name: CATRigLLeg1
  m_TagString: Untagged
  m_Icon: {fileID: 0}
  m_NavMeshLayer: 0
  m_StaticEditorFlags: 0
  m_IsActive: 1
--- !u!4 &163534958722411782
Transform:
  m_ObjectHideFlags: 0
  m_CorrespondingSourceObject: {fileID: 0}
  m_PrefabInstance: {fileID: 0}
  m_PrefabAsset: {fileID: 0}
  m_GameObject: {fileID: 163534958722707750}
  m_LocalRotation: {x: -0.005934811, y: 0.99084383, z: 0.106477715, w: 0.08279929}
  m_LocalPosition: {x: 0.021445492, y: 0.012619051, z: 0.08180181}
  m_LocalScale: {x: 1, y: 0.99999994, z: 1}
  m_Children:
  - {fileID: 163534958722411776}
  m_Father: {fileID: 163534958722411864}
  m_RootOrder: 4
  m_LocalEulerAnglesHint: {x: 0, y: 0, z: 0}
--- !u!1 &163534958722707752
GameObject:
  m_ObjectHideFlags: 0
  m_CorrespondingSourceObject: {fileID: 0}
  m_PrefabInstance: {fileID: 0}
  m_PrefabAsset: {fileID: 0}
  serializedVersion: 6
  m_Component:
  - component: {fileID: 163534958722411784}
  m_Layer: 8
  m_Name: CATRigRArm1
  m_TagString: Untagged
  m_Icon: {fileID: 0}
  m_NavMeshLayer: 0
  m_StaticEditorFlags: 0
  m_IsActive: 1
--- !u!4 &163534958722411784
Transform:
  m_ObjectHideFlags: 0
  m_CorrespondingSourceObject: {fileID: 0}
  m_PrefabInstance: {fileID: 0}
  m_PrefabAsset: {fileID: 0}
  m_GameObject: {fileID: 163534958722707752}
  m_LocalRotation: {x: -0.0026375584, y: -0.07249309, z: 0.03203885, w: 0.9968507}
  m_LocalPosition: {x: -0.18894996, y: 0, z: 0}
  m_LocalScale: {x: 0.99999994, y: 1, z: 1}
  m_Children:
  - {fileID: 163534958722411786}
  m_Father: {fileID: 163534958722411828}
  m_RootOrder: 0
  m_LocalEulerAnglesHint: {x: 0, y: 0, z: 0}
--- !u!1 &163534958722707754
GameObject:
  m_ObjectHideFlags: 0
  m_CorrespondingSourceObject: {fileID: 0}
  m_PrefabInstance: {fileID: 0}
  m_PrefabAsset: {fileID: 0}
  serializedVersion: 6
  m_Component:
  - component: {fileID: 163534958722411786}
  m_Layer: 8
  m_Name: CATRigRArm2
  m_TagString: Untagged
  m_Icon: {fileID: 0}
  m_NavMeshLayer: 0
  m_StaticEditorFlags: 0
  m_IsActive: 1
--- !u!4 &163534958722411786
Transform:
  m_ObjectHideFlags: 0
  m_CorrespondingSourceObject: {fileID: 0}
  m_PrefabInstance: {fileID: 0}
  m_PrefabAsset: {fileID: 0}
  m_GameObject: {fileID: 163534958722707754}
  m_LocalRotation: {x: 0.0002815502, y: -0.0061244806, z: -0.123248704, w: 0.9923569}
  m_LocalPosition: {x: -0.24215588, y: 0.00000029673575, z: 0.0000008720398}
  m_LocalScale: {x: 1.0000004, y: 0.99999934, z: 1.0000001}
  m_Children:
  - {fileID: 163534958722411732}
  m_Father: {fileID: 163534958722411784}
  m_RootOrder: 0
  m_LocalEulerAnglesHint: {x: 0, y: 0, z: 0}
--- !u!1 &163534958722707756
GameObject:
  m_ObjectHideFlags: 0
  m_CorrespondingSourceObject: {fileID: 0}
  m_PrefabInstance: {fileID: 0}
  m_PrefabAsset: {fileID: 0}
  serializedVersion: 6
  m_Component:
  - component: {fileID: 163534958722411788}
  m_Layer: 8
  m_Name: CATRigLLegDigit11
  m_TagString: Untagged
  m_Icon: {fileID: 0}
  m_NavMeshLayer: 0
  m_StaticEditorFlags: 0
  m_IsActive: 1
--- !u!4 &163534958722411788
Transform:
  m_ObjectHideFlags: 0
  m_CorrespondingSourceObject: {fileID: 0}
  m_PrefabInstance: {fileID: 0}
  m_PrefabAsset: {fileID: 0}
  m_GameObject: {fileID: 163534958722707756}
  m_LocalRotation: {x: -0.028252972, y: -0.006924754, z: -0.28984323, w: 0.956632}
  m_LocalPosition: {x: -0.21183467, y: -0.0000003391266, z: 0.000000072669984}
  m_LocalScale: {x: 0.9999993, y: 1.0000008, z: 1}
  m_Children: []
  m_Father: {fileID: 163534958722411778}
  m_RootOrder: 0
  m_LocalEulerAnglesHint: {x: 0, y: 0, z: 0}
--- !u!1 &163534958722707758
GameObject:
  m_ObjectHideFlags: 0
  m_CorrespondingSourceObject: {fileID: 0}
  m_PrefabInstance: {fileID: 0}
  m_PrefabAsset: {fileID: 0}
  serializedVersion: 6
  m_Component:
  - component: {fileID: 163534958722411790}
  m_Layer: 8
  m_Name: CATRigLLegPlatform
  m_TagString: Untagged
  m_Icon: {fileID: 0}
  m_NavMeshLayer: 0
  m_StaticEditorFlags: 0
  m_IsActive: 1
--- !u!4 &163534958722411790
Transform:
  m_ObjectHideFlags: 0
  m_CorrespondingSourceObject: {fileID: 0}
  m_PrefabInstance: {fileID: 0}
  m_PrefabAsset: {fileID: 0}
  m_GameObject: {fileID: 163534958722707758}
  m_LocalRotation: {x: 0.50000006, y: -0.50000006, z: -0.49999997, w: 0.49999997}
  m_LocalPosition: {x: -0.24274608, y: -9.2000996e-10, z: -0.0056470255}
  m_LocalScale: {x: 1, y: 1, z: 1}
  m_Children: []
  m_Father: {fileID: 163534958722411726}
  m_RootOrder: 7
  m_LocalEulerAnglesHint: {x: 0, y: 0, z: 0}
--- !u!1 &163534958722707760
GameObject:
  m_ObjectHideFlags: 0
  m_CorrespondingSourceObject: {fileID: 0}
  m_PrefabInstance: {fileID: 0}
  m_PrefabAsset: {fileID: 0}
  serializedVersion: 6
  m_Component:
  - component: {fileID: 163534958722411792}
  m_Layer: 8
  m_Name: CATRigLArmDigit41
  m_TagString: Untagged
  m_Icon: {fileID: 0}
  m_NavMeshLayer: 0
  m_StaticEditorFlags: 0
  m_IsActive: 1
--- !u!4 &163534958722411792
Transform:
  m_ObjectHideFlags: 0
  m_CorrespondingSourceObject: {fileID: 0}
  m_PrefabInstance: {fileID: 0}
  m_PrefabAsset: {fileID: 0}
  m_GameObject: {fileID: 163534958722707760}
  m_LocalRotation: {x: 0.0032326598, y: -0.06817772, z: 0.18000215, w: 0.98129535}
  m_LocalPosition: {x: -0.095675364, y: 0.0011862648, z: -0.014871573}
  m_LocalScale: {x: 0.9999986, y: 1.0000002, z: 1.0000008}
  m_Children:
  - {fileID: 163534958722411794}
  m_Father: {fileID: 163534958722411780}
  m_RootOrder: 3
  m_LocalEulerAnglesHint: {x: 0, y: 0, z: 0}
--- !u!1 &163534958722707762
GameObject:
  m_ObjectHideFlags: 0
  m_CorrespondingSourceObject: {fileID: 0}
  m_PrefabInstance: {fileID: 0}
  m_PrefabAsset: {fileID: 0}
  serializedVersion: 6
  m_Component:
  - component: {fileID: 163534958722411794}
  m_Layer: 8
  m_Name: CATRigLArmDigit42
  m_TagString: Untagged
  m_Icon: {fileID: 0}
  m_NavMeshLayer: 0
  m_StaticEditorFlags: 0
  m_IsActive: 1
--- !u!4 &163534958722411794
Transform:
  m_ObjectHideFlags: 0
  m_CorrespondingSourceObject: {fileID: 0}
  m_PrefabInstance: {fileID: 0}
  m_PrefabAsset: {fileID: 0}
  m_GameObject: {fileID: 163534958722707762}
  m_LocalRotation: {x: -0.0000002537554, y: -0.00000039222024, z: 0.14853512, w: 0.98890716}
  m_LocalPosition: {x: -0.04855062, y: 0.00000009689331, z: 0.000000024223327}
  m_LocalScale: {x: 0.9999985, y: 1.0000004, z: 1.0000008}
  m_Children:
  - {fileID: 163534958722411804}
  m_Father: {fileID: 163534958722411792}
  m_RootOrder: 0
  m_LocalEulerAnglesHint: {x: 0, y: 0, z: 0}
--- !u!1 &163534958722707764
GameObject:
  m_ObjectHideFlags: 0
  m_CorrespondingSourceObject: {fileID: 0}
  m_PrefabInstance: {fileID: 0}
  m_PrefabAsset: {fileID: 0}
  serializedVersion: 6
  m_Component:
  - component: {fileID: 163534958722411796}
  m_Layer: 8
  m_Name: CATRigLArmDigit32
  m_TagString: Untagged
  m_Icon: {fileID: 0}
  m_NavMeshLayer: 0
  m_StaticEditorFlags: 0
  m_IsActive: 1
--- !u!4 &163534958722411796
Transform:
  m_ObjectHideFlags: 0
  m_CorrespondingSourceObject: {fileID: 0}
  m_PrefabInstance: {fileID: 0}
  m_PrefabAsset: {fileID: 0}
  m_GameObject: {fileID: 163534958722707764}
  m_LocalRotation: {x: -0.000000032027806, y: -0.000000054507126, z: 0.2514259, w: 0.96787655}
  m_LocalPosition: {x: -0.059233837, y: 0, z: 0.000000048446655}
  m_LocalScale: {x: 0.99999857, y: 1.0000005, z: 1.0000008}
  m_Children:
  - {fileID: 163534958722411798}
  m_Father: {fileID: 163534958722411882}
  m_RootOrder: 0
  m_LocalEulerAnglesHint: {x: 0, y: 0, z: 0}
--- !u!1 &163534958722707766
GameObject:
  m_ObjectHideFlags: 0
  m_CorrespondingSourceObject: {fileID: 0}
  m_PrefabInstance: {fileID: 0}
  m_PrefabAsset: {fileID: 0}
  serializedVersion: 6
  m_Component:
  - component: {fileID: 163534958722411798}
  m_Layer: 8
  m_Name: CATRigLArmDigit33
  m_TagString: Untagged
  m_Icon: {fileID: 0}
  m_NavMeshLayer: 0
  m_StaticEditorFlags: 0
  m_IsActive: 1
--- !u!4 &163534958722411798
Transform:
  m_ObjectHideFlags: 0
  m_CorrespondingSourceObject: {fileID: 0}
  m_PrefabInstance: {fileID: 0}
  m_PrefabAsset: {fileID: 0}
  m_GameObject: {fileID: 163534958722707766}
  m_LocalRotation: {x: 0.00000013981679, y: 0.00000011153289, z: 0.05064852, w: 0.99871653}
  m_LocalPosition: {x: -0.04205305, y: 0, z: -0.000000024223327}
  m_LocalScale: {x: 0.999999, y: 1, z: 1.0000008}
  m_Children: []
  m_Father: {fileID: 163534958722411796}
  m_RootOrder: 0
  m_LocalEulerAnglesHint: {x: 0, y: 0, z: 0}
--- !u!1 &163534958722707768
GameObject:
  m_ObjectHideFlags: 0
  m_CorrespondingSourceObject: {fileID: 0}
  m_PrefabInstance: {fileID: 0}
  m_PrefabAsset: {fileID: 0}
  serializedVersion: 6
  m_Component:
  - component: {fileID: 163534958722411800}
  m_Layer: 8
  m_Name: CATRigLArmDigit52
  m_TagString: Untagged
  m_Icon: {fileID: 0}
  m_NavMeshLayer: 0
  m_StaticEditorFlags: 0
  m_IsActive: 1
--- !u!4 &163534958722411800
Transform:
  m_ObjectHideFlags: 0
  m_CorrespondingSourceObject: {fileID: 0}
  m_PrefabInstance: {fileID: 0}
  m_PrefabAsset: {fileID: 0}
  m_GameObject: {fileID: 163534958722707768}
  m_LocalRotation: {x: -0.00000070837405, y: 0.00000013049282, z: 0.17627744, w: 0.98434055}
  m_LocalPosition: {x: -0.03478334, y: 0, z: 0}
  m_LocalScale: {x: 1, y: 0.99999887, z: 1.0000008}
  m_Children:
  - {fileID: 163534958722411802}
  m_Father: {fileID: 163534958722411806}
  m_RootOrder: 0
  m_LocalEulerAnglesHint: {x: 0, y: 0, z: 0}
--- !u!1 &163534958722707770
GameObject:
  m_ObjectHideFlags: 0
  m_CorrespondingSourceObject: {fileID: 0}
  m_PrefabInstance: {fileID: 0}
  m_PrefabAsset: {fileID: 0}
  serializedVersion: 6
  m_Component:
  - component: {fileID: 163534958722411802}
  m_Layer: 8
  m_Name: CATRigLArmDigit53
  m_TagString: Untagged
  m_Icon: {fileID: 0}
  m_NavMeshLayer: 0
  m_StaticEditorFlags: 0
  m_IsActive: 1
--- !u!4 &163534958722411802
Transform:
  m_ObjectHideFlags: 0
  m_CorrespondingSourceObject: {fileID: 0}
  m_PrefabInstance: {fileID: 0}
  m_PrefabAsset: {fileID: 0}
  m_GameObject: {fileID: 163534958722707770}
  m_LocalRotation: {x: -0.000000018131953, y: -0.000000040842572, z: 0.1665254, w: 0.9860372}
  m_LocalPosition: {x: -0.030311618, y: -0.00000009689331, z: 0.000000024223327}
  m_LocalScale: {x: 1.0000011, y: 0.9999977, z: 1.0000008}
  m_Children: []
  m_Father: {fileID: 163534958722411800}
  m_RootOrder: 0
  m_LocalEulerAnglesHint: {x: 0, y: 0, z: 0}
--- !u!1 &163534958722707772
GameObject:
  m_ObjectHideFlags: 0
  m_CorrespondingSourceObject: {fileID: 0}
  m_PrefabInstance: {fileID: 0}
  m_PrefabAsset: {fileID: 0}
  serializedVersion: 6
  m_Component:
  - component: {fileID: 163534958722411804}
  m_Layer: 8
  m_Name: CATRigLArmDigit43
  m_TagString: Untagged
  m_Icon: {fileID: 0}
  m_NavMeshLayer: 0
  m_StaticEditorFlags: 0
  m_IsActive: 1
--- !u!4 &163534958722411804
Transform:
  m_ObjectHideFlags: 0
  m_CorrespondingSourceObject: {fileID: 0}
  m_PrefabInstance: {fileID: 0}
  m_PrefabAsset: {fileID: 0}
  m_GameObject: {fileID: 163534958722707772}
  m_LocalRotation: {x: -0.00000076137883, y: 0.0000005396328, z: 0.23011628, w: 0.9731632}
  m_LocalPosition: {x: -0.032482028, y: 0.00000019378662, z: 0}
  m_LocalScale: {x: 0.9999975, y: 1.0000014, z: 1.0000008}
  m_Children: []
  m_Father: {fileID: 163534958722411794}
  m_RootOrder: 0
  m_LocalEulerAnglesHint: {x: 0, y: 0, z: 0}
--- !u!1 &163534958722707774
GameObject:
  m_ObjectHideFlags: 0
  m_CorrespondingSourceObject: {fileID: 0}
  m_PrefabInstance: {fileID: 0}
  m_PrefabAsset: {fileID: 0}
  serializedVersion: 6
  m_Component:
  - component: {fileID: 163534958722411806}
  m_Layer: 8
  m_Name: CATRigLArmDigit51
  m_TagString: Untagged
  m_Icon: {fileID: 0}
  m_NavMeshLayer: 0
  m_StaticEditorFlags: 0
  m_IsActive: 1
--- !u!4 &163534958722411806
Transform:
  m_ObjectHideFlags: 0
  m_CorrespondingSourceObject: {fileID: 0}
  m_PrefabInstance: {fileID: 0}
  m_PrefabAsset: {fileID: 0}
  m_GameObject: {fileID: 163534958722707774}
  m_LocalRotation: {x: -0.020248236, y: -0.10064961, z: 0.19618192, w: 0.9751781}
  m_LocalPosition: {x: -0.09342962, y: -0.0043009003, z: -0.041548237}
  m_LocalScale: {x: 0.9999986, y: 1.0000004, z: 1.0000008}
  m_Children:
  - {fileID: 163534958722411800}
  m_Father: {fileID: 163534958722411780}
  m_RootOrder: 4
  m_LocalEulerAnglesHint: {x: 0, y: 0, z: 0}
--- !u!1 &163534958722707808
GameObject:
  m_ObjectHideFlags: 0
  m_CorrespondingSourceObject: {fileID: 0}
  m_PrefabInstance: {fileID: 0}
  m_PrefabAsset: {fileID: 0}
  serializedVersion: 6
  m_Component:
  - component: {fileID: 163534958722411840}
  m_Layer: 8
  m_Name: CATRigHub001Bone001Bone001Bone001Bone001
  m_TagString: Untagged
  m_Icon: {fileID: 0}
  m_NavMeshLayer: 0
  m_StaticEditorFlags: 0
  m_IsActive: 1
--- !u!4 &163534958722411840
Transform:
  m_ObjectHideFlags: 0
  m_CorrespondingSourceObject: {fileID: 0}
  m_PrefabInstance: {fileID: 0}
  m_PrefabAsset: {fileID: 0}
  m_GameObject: {fileID: 163534958722707808}
  m_LocalRotation: {x: -2.162215e-21, y: -8.4703295e-22, z: -1.831e-42, w: 1}
  m_LocalPosition: {x: -0.1721661, y: 0, z: -1.8047785e-16}
  m_LocalScale: {x: 1, y: 1, z: 1}
  m_Children:
  - {fileID: 163534958722411842}
  m_Father: {fileID: 163534958722411846}
  m_RootOrder: 0
  m_LocalEulerAnglesHint: {x: 0, y: 0, z: 0}
--- !u!1 &163534958722707810
GameObject:
  m_ObjectHideFlags: 0
  m_CorrespondingSourceObject: {fileID: 0}
  m_PrefabInstance: {fileID: 0}
  m_PrefabAsset: {fileID: 0}
  serializedVersion: 6
  m_Component:
  - component: {fileID: 163534958722411842}
  m_Layer: 8
  m_Name: CATRigHub001Bone001Bone001Bone001Bone001Bone001
  m_TagString: Untagged
  m_Icon: {fileID: 0}
  m_NavMeshLayer: 0
  m_StaticEditorFlags: 0
  m_IsActive: 1
--- !u!4 &163534958722411842
Transform:
  m_ObjectHideFlags: 0
  m_CorrespondingSourceObject: {fileID: 0}
  m_PrefabInstance: {fileID: 0}
  m_PrefabAsset: {fileID: 0}
  m_GameObject: {fileID: 163534958722707810}
  m_LocalRotation: {x: -2.162215e-21, y: -8.4703295e-22, z: -1.831e-42, w: 1}
  m_LocalPosition: {x: -0.19613962, y: -0.000000012111664, z: 5.4143357e-16}
  m_LocalScale: {x: 1, y: 1, z: 1}
  m_Children: []
  m_Father: {fileID: 163534958722411840}
  m_RootOrder: 0
  m_LocalEulerAnglesHint: {x: 0, y: 0, z: 0}
--- !u!1 &163534958722707812
GameObject:
  m_ObjectHideFlags: 0
  m_CorrespondingSourceObject: {fileID: 0}
  m_PrefabInstance: {fileID: 0}
  m_PrefabAsset: {fileID: 0}
  serializedVersion: 6
  m_Component:
  - component: {fileID: 163534958722411844}
  m_Layer: 8
  m_Name: CATRigHub001Bone001Bone001
  m_TagString: Untagged
  m_Icon: {fileID: 0}
  m_NavMeshLayer: 0
  m_StaticEditorFlags: 0
  m_IsActive: 1
--- !u!4 &163534958722411844
Transform:
  m_ObjectHideFlags: 0
  m_CorrespondingSourceObject: {fileID: 0}
  m_PrefabInstance: {fileID: 0}
  m_PrefabAsset: {fileID: 0}
  m_GameObject: {fileID: 163534958722707812}
  m_LocalRotation: {x: 2.679118e-22, y: 3.3257449e-21, z: -0.7071068, w: 0.7071068}
  m_LocalPosition: {x: -0.03450716, y: 0.13216326, z: 9.023893e-16}
  m_LocalScale: {x: 1, y: 1, z: 1}
  m_Children:
  - {fileID: 163534958722411846}
  m_Father: {fileID: 163534958722411866}
  m_RootOrder: 0
  m_LocalEulerAnglesHint: {x: 0, y: 0, z: 0}
--- !u!1 &163534958722707814
GameObject:
  m_ObjectHideFlags: 0
  m_CorrespondingSourceObject: {fileID: 0}
  m_PrefabInstance: {fileID: 0}
  m_PrefabAsset: {fileID: 0}
  serializedVersion: 6
  m_Component:
  - component: {fileID: 163534958722411846}
  m_Layer: 8
  m_Name: CATRigHub001Bone001Bone001Bone001
  m_TagString: Untagged
  m_Icon: {fileID: 0}
  m_NavMeshLayer: 0
  m_StaticEditorFlags: 0
  m_IsActive: 1
--- !u!4 &163534958722411846
Transform:
  m_ObjectHideFlags: 0
  m_CorrespondingSourceObject: {fileID: 0}
  m_PrefabInstance: {fileID: 0}
  m_PrefabAsset: {fileID: 0}
  m_GameObject: {fileID: 163534958722707814}
  m_LocalRotation: {x: -2.162215e-21, y: -8.4703295e-22, z: -1.831e-42, w: 1}
  m_LocalPosition: {x: -0.07916484, y: 0.000000012111664, z: 7.219114e-16}
  m_LocalScale: {x: 1, y: 1, z: 1}
  m_Children:
  - {fileID: 163534958722411840}
  m_Father: {fileID: 163534958722411844}
  m_RootOrder: 0
  m_LocalEulerAnglesHint: {x: 0, y: 0, z: 0}
--- !u!1 &163534958722707816
GameObject:
  m_ObjectHideFlags: 0
  m_CorrespondingSourceObject: {fileID: 0}
  m_PrefabInstance: {fileID: 0}
  m_PrefabAsset: {fileID: 0}
  serializedVersion: 6
  m_Component:
  - component: {fileID: 163534958722411848}
  m_Layer: 8
  m_Name: CATRigHub001Bone004
  m_TagString: Untagged
  m_Icon: {fileID: 0}
  m_NavMeshLayer: 0
  m_StaticEditorFlags: 0
  m_IsActive: 1
--- !u!4 &163534958722411848
Transform:
  m_ObjectHideFlags: 0
  m_CorrespondingSourceObject: {fileID: 0}
  m_PrefabInstance: {fileID: 0}
  m_PrefabAsset: {fileID: 0}
  m_GameObject: {fileID: 163534958722707816}
  m_LocalRotation: {x: -9.250096e-16, y: 4.772273e-15, z: 0.9848078, w: 0.17364822}
  m_LocalPosition: {x: -0.0781897, y: -0.114220716, z: -1.263345e-15}
  m_LocalScale: {x: 1, y: 1, z: 1}
  m_Children:
  - {fileID: 163534958722411850}
  m_Father: {fileID: 163534958722411864}
  m_RootOrder: 3
  m_LocalEulerAnglesHint: {x: 0, y: 0, z: 0}
--- !u!1 &163534958722707818
GameObject:
  m_ObjectHideFlags: 0
  m_CorrespondingSourceObject: {fileID: 0}
  m_PrefabInstance: {fileID: 0}
  m_PrefabAsset: {fileID: 0}
  serializedVersion: 6
  m_Component:
  - component: {fileID: 163534958722411850}
  m_Layer: 8
  m_Name: CATRigHub001Bone004Bone001
  m_TagString: Untagged
  m_Icon: {fileID: 0}
  m_NavMeshLayer: 0
  m_StaticEditorFlags: 0
  m_IsActive: 1
--- !u!4 &163534958722411850
Transform:
  m_ObjectHideFlags: 0
  m_CorrespondingSourceObject: {fileID: 0}
  m_PrefabInstance: {fileID: 0}
  m_PrefabAsset: {fileID: 0}
  m_GameObject: {fileID: 163534958722707818}
  m_LocalRotation: {x: -1.2191139e-16, y: 6.913846e-16, z: 0.17364821, w: 0.9848078}
  m_LocalPosition: {x: -0.15351446, y: 0.000000048446655, z: 3.3388402e-15}
  m_LocalScale: {x: 1, y: 1, z: 1}
  m_Children:
  - {fileID: 163534958722411892}
  m_Father: {fileID: 163534958722411848}
  m_RootOrder: 0
  m_LocalEulerAnglesHint: {x: 0, y: 0, z: 0}
--- !u!1 &163534958722707820
GameObject:
  m_ObjectHideFlags: 0
  m_CorrespondingSourceObject: {fileID: 0}
  m_PrefabInstance: {fileID: 0}
  m_PrefabAsset: {fileID: 0}
  serializedVersion: 6
  m_Component:
  - component: {fileID: 163534958722411852}
  m_Layer: 8
  m_Name: CATRigHub001Bone002
  m_TagString: Untagged
  m_Icon: {fileID: 0}
  m_NavMeshLayer: 0
  m_StaticEditorFlags: 0
  m_IsActive: 1
--- !u!4 &163534958722411852
Transform:
  m_ObjectHideFlags: 0
  m_CorrespondingSourceObject: {fileID: 0}
  m_PrefabInstance: {fileID: 0}
  m_PrefabAsset: {fileID: 0}
  m_GameObject: {fileID: 163534958722707820}
  m_LocalRotation: {x: -6.8700917e-17, y: 0.9914449, z: 6.8700917e-17, w: 0.13052621}
  m_LocalPosition: {x: -0.092103004, y: -3.784895e-10, z: 0.16904584}
  m_LocalScale: {x: 1, y: 1, z: 1}
  m_Children: []
  m_Father: {fileID: 163534958722411864}
  m_RootOrder: 1
  m_LocalEulerAnglesHint: {x: 0, y: 0, z: 0}
--- !u!1 &163534958722707822
GameObject:
  m_ObjectHideFlags: 0
  m_CorrespondingSourceObject: {fileID: 0}
  m_PrefabInstance: {fileID: 0}
  m_PrefabAsset: {fileID: 0}
  serializedVersion: 6
  m_Component:
  - component: {fileID: 163534958722411854}
  m_Layer: 8
  m_Name: CATRigHub001Bone003
  m_TagString: Untagged
  m_Icon: {fileID: 0}
  m_NavMeshLayer: 0
  m_StaticEditorFlags: 0
  m_IsActive: 1
--- !u!4 &163534958722411854
Transform:
  m_ObjectHideFlags: 0
  m_CorrespondingSourceObject: {fileID: 0}
  m_PrefabInstance: {fileID: 0}
  m_PrefabAsset: {fileID: 0}
  m_GameObject: {fileID: 163534958722707822}
  m_LocalRotation: {x: -5.2716065e-17, y: 0.9914449, z: 5.2716065e-17, w: -0.13052621}
  m_LocalPosition: {x: -0.092103004, y: 0, z: -0.16904584}
  m_LocalScale: {x: 1, y: 1, z: 1}
  m_Children: []
  m_Father: {fileID: 163534958722411864}
  m_RootOrder: 2
  m_LocalEulerAnglesHint: {x: 0, y: 0, z: 0}
--- !u!1 &163534958722707824
GameObject:
  m_ObjectHideFlags: 0
  m_CorrespondingSourceObject: {fileID: 0}
  m_PrefabInstance: {fileID: 0}
  m_PrefabAsset: {fileID: 0}
  serializedVersion: 6
  m_Component:
  - component: {fileID: 163534958722411856}
  - component: {fileID: 163534958736374896}
  m_Layer: 8
  m_Name: Armor_legs_mesh
  m_TagString: Untagged
  m_Icon: {fileID: 0}
  m_NavMeshLayer: 0
  m_StaticEditorFlags: 0
  m_IsActive: 1
--- !u!4 &163534958722411856
Transform:
  m_ObjectHideFlags: 0
  m_CorrespondingSourceObject: {fileID: 0}
  m_PrefabInstance: {fileID: 0}
  m_PrefabAsset: {fileID: 0}
  m_GameObject: {fileID: 163534958722707824}
  m_LocalRotation: {x: -0.7071068, y: 0, z: -0, w: 0.7071068}
  m_LocalPosition: {x: -0, y: 0, z: 0}
  m_LocalScale: {x: 0.6939358, y: 0.6939358, z: 0.6939358}
  m_Children: []
  m_Father: {fileID: 163534958722411726}
  m_RootOrder: 2
  m_LocalEulerAnglesHint: {x: 0, y: 0, z: 0}
--- !u!137 &163534958736374896
SkinnedMeshRenderer:
  m_ObjectHideFlags: 0
  m_CorrespondingSourceObject: {fileID: 0}
  m_PrefabInstance: {fileID: 0}
  m_PrefabAsset: {fileID: 0}
  m_GameObject: {fileID: 163534958722707824}
  m_Enabled: 1
  m_CastShadows: 1
  m_ReceiveShadows: 1
  m_DynamicOccludee: 1
  m_MotionVectors: 1
  m_LightProbeUsage: 1
  m_ReflectionProbeUsage: 1
  m_RenderingLayerMask: 1
  m_RendererPriority: 0
  m_Materials:
  - {fileID: 2100000, guid: 859d33148dcff854495d2970f643507b, type: 2}
  m_StaticBatchInfo:
    firstSubMesh: 0
    subMeshCount: 0
  m_StaticBatchRoot: {fileID: 0}
  m_ProbeAnchor: {fileID: 0}
  m_LightProbeVolumeOverride: {fileID: 0}
  m_ScaleInLightmap: 1
  m_PreserveUVs: 0
  m_IgnoreNormalsForChartDetection: 0
  m_ImportantGI: 0
  m_StitchLightmapSeams: 1
  m_SelectedEditorRenderState: 3
  m_MinimumChartSize: 4
  m_AutoUVMaxDistance: 0.5
  m_AutoUVMaxAngle: 89
  m_LightmapParameters: {fileID: 0}
  m_SortingLayerID: 0
  m_SortingLayer: 0
  m_SortingOrder: 0
  serializedVersion: 2
  m_Quality: 0
  m_UpdateWhenOffscreen: 0
  m_SkinnedMotionVectors: 1
  m_Mesh: {fileID: 4300006, guid: 18c11b8faef85dd4f83933b1840887dd, type: 3}
  m_Bones:
  - {fileID: 163534958722411728}
  - {fileID: 163534958722411730}
  - {fileID: 163534958722411892}
  - {fileID: 163534958722411842}
  - {fileID: 163534958722411782}
  - {fileID: 163534958722411840}
  - {fileID: 163534958722411734}
  - {fileID: 163534958722411854}
  - {fileID: 163534958722411776}
  - {fileID: 163534958722411778}
  - {fileID: 163534958722411852}
  m_BlendShapeWeights: []
  m_RootBone: {fileID: 163534958722411734}
  m_AABB:
    m_Center: {x: -0.68679774, y: -0.04901962, z: -0.2444553}
    m_Extent: {x: 0.32183626, y: 0.20178823, z: 0.35341397}
  m_DirtyAABB: 0
--- !u!1 &163534958722707826
GameObject:
  m_ObjectHideFlags: 0
  m_CorrespondingSourceObject: {fileID: 0}
  m_PrefabInstance: {fileID: 0}
  m_PrefabAsset: {fileID: 0}
  serializedVersion: 6
  m_Component:
  - component: {fileID: 163534958722411858}
  - component: {fileID: 163534958736374898}
  m_Layer: 8
  m_Name: Armor_pelvis_mesh
  m_TagString: Untagged
  m_Icon: {fileID: 0}
  m_NavMeshLayer: 0
  m_StaticEditorFlags: 0
  m_IsActive: 1
--- !u!4 &163534958722411858
Transform:
  m_ObjectHideFlags: 0
  m_CorrespondingSourceObject: {fileID: 0}
  m_PrefabInstance: {fileID: 0}
  m_PrefabAsset: {fileID: 0}
  m_GameObject: {fileID: 163534958722707826}
  m_LocalRotation: {x: -0.7071068, y: 0, z: -0, w: 0.7071068}
  m_LocalPosition: {x: -0, y: 1.1041789, z: 0.16151823}
  m_LocalScale: {x: 0.6939358, y: 0.6939358, z: 0.6939358}
  m_Children: []
  m_Father: {fileID: 163534958722411726}
  m_RootOrder: 3
  m_LocalEulerAnglesHint: {x: 0, y: 0, z: 0}
--- !u!137 &163534958736374898
SkinnedMeshRenderer:
  m_ObjectHideFlags: 0
  m_CorrespondingSourceObject: {fileID: 0}
  m_PrefabInstance: {fileID: 0}
  m_PrefabAsset: {fileID: 0}
  m_GameObject: {fileID: 163534958722707826}
  m_Enabled: 1
  m_CastShadows: 1
  m_ReceiveShadows: 1
  m_DynamicOccludee: 1
  m_MotionVectors: 1
  m_LightProbeUsage: 1
  m_ReflectionProbeUsage: 1
  m_RenderingLayerMask: 1
  m_RendererPriority: 0
  m_Materials:
  - {fileID: 2100000, guid: 859d33148dcff854495d2970f643507b, type: 2}
  m_StaticBatchInfo:
    firstSubMesh: 0
    subMeshCount: 0
  m_StaticBatchRoot: {fileID: 0}
  m_ProbeAnchor: {fileID: 0}
  m_LightProbeVolumeOverride: {fileID: 0}
  m_ScaleInLightmap: 1
  m_PreserveUVs: 0
  m_IgnoreNormalsForChartDetection: 0
  m_ImportantGI: 0
  m_StitchLightmapSeams: 1
  m_SelectedEditorRenderState: 3
  m_MinimumChartSize: 4
  m_AutoUVMaxDistance: 0.5
  m_AutoUVMaxAngle: 89
  m_LightmapParameters: {fileID: 0}
  m_SortingLayerID: 0
  m_SortingLayer: 0
  m_SortingOrder: 0
  serializedVersion: 2
  m_Quality: 0
  m_UpdateWhenOffscreen: 0
  m_SkinnedMotionVectors: 1
  m_Mesh: {fileID: 4300010, guid: 18c11b8faef85dd4f83933b1840887dd, type: 3}
  m_Bones:
  - {fileID: 163534958722411716}
  - {fileID: 163534958722411734}
  - {fileID: 163534958722411846}
  - {fileID: 163534958722411866}
  - {fileID: 163534958722411738}
  - {fileID: 163534958722411852}
  - {fileID: 163534958722411854}
  - {fileID: 163534958722411894}
  - {fileID: 163534958722411864}
  - {fileID: 163534958722411844}
  - {fileID: 163534958722411782}
  - {fileID: 163534958722411840}
  - {fileID: 163534958722411892}
  - {fileID: 163534958722411842}
  - {fileID: 163534958722411728}
  - {fileID: 163534958722411776}
  m_BlendShapeWeights: []
  m_RootBone: {fileID: 163534958722411864}
  m_AABB:
    m_Center: {x: 0.20972297, y: 0.16716541, z: -0.000000044703484}
    m_Extent: {x: 0.3706117, y: 0.07841356, z: 0.15111622}
  m_DirtyAABB: 0
--- !u!1 &163534958722707828
GameObject:
  m_ObjectHideFlags: 0
  m_CorrespondingSourceObject: {fileID: 0}
  m_PrefabInstance: {fileID: 0}
  m_PrefabAsset: {fileID: 0}
  serializedVersion: 6
  m_Component:
  - component: {fileID: 163534958722411860}
  - component: {fileID: 163534958736374900}
  m_Layer: 8
  m_Name: Armor_chest_mesh
  m_TagString: Untagged
  m_Icon: {fileID: 0}
  m_NavMeshLayer: 0
  m_StaticEditorFlags: 0
  m_IsActive: 1
--- !u!4 &163534958722411860
Transform:
  m_ObjectHideFlags: 0
  m_CorrespondingSourceObject: {fileID: 0}
  m_PrefabInstance: {fileID: 0}
  m_PrefabAsset: {fileID: 0}
  m_GameObject: {fileID: 163534958722707828}
  m_LocalRotation: {x: -0.7071068, y: 0, z: -0, w: 0.7071068}
  m_LocalPosition: {x: -0, y: 0, z: 0}
  m_LocalScale: {x: 0.6939358, y: 0.6939358, z: 0.6939358}
  m_Children: []
  m_Father: {fileID: 163534958722411726}
  m_RootOrder: 0
  m_LocalEulerAnglesHint: {x: 0, y: 0, z: 0}
--- !u!137 &163534958736374900
SkinnedMeshRenderer:
  m_ObjectHideFlags: 0
  m_CorrespondingSourceObject: {fileID: 0}
  m_PrefabInstance: {fileID: 0}
  m_PrefabAsset: {fileID: 0}
  m_GameObject: {fileID: 163534958722707828}
  m_Enabled: 1
  m_CastShadows: 1
  m_ReceiveShadows: 1
  m_DynamicOccludee: 1
  m_MotionVectors: 1
  m_LightProbeUsage: 1
  m_ReflectionProbeUsage: 1
  m_RenderingLayerMask: 1
  m_RendererPriority: 0
  m_Materials:
  - {fileID: 2100000, guid: 859d33148dcff854495d2970f643507b, type: 2}
  m_StaticBatchInfo:
    firstSubMesh: 0
    subMeshCount: 0
  m_StaticBatchRoot: {fileID: 0}
  m_ProbeAnchor: {fileID: 0}
  m_LightProbeVolumeOverride: {fileID: 0}
  m_ScaleInLightmap: 1
  m_PreserveUVs: 0
  m_IgnoreNormalsForChartDetection: 0
  m_ImportantGI: 0
  m_StitchLightmapSeams: 1
  m_SelectedEditorRenderState: 3
  m_MinimumChartSize: 4
  m_AutoUVMaxDistance: 0.5
  m_AutoUVMaxAngle: 89
  m_LightmapParameters: {fileID: 0}
  m_SortingLayerID: 0
  m_SortingLayer: 0
  m_SortingOrder: 0
  serializedVersion: 2
  m_Quality: 0
  m_UpdateWhenOffscreen: 0
  m_SkinnedMotionVectors: 1
  m_Mesh: {fileID: 4300016, guid: 18c11b8faef85dd4f83933b1840887dd, type: 3}
  m_Bones:
  - {fileID: 163534958722411716}
  - {fileID: 163534958722411894}
  - {fileID: 163534958722411738}
  - {fileID: 163534958722411866}
  - {fileID: 163534958722411736}
  - {fileID: 163534958722411890}
  - {fileID: 163534958722411852}
  - {fileID: 163534958722411896}
  - {fileID: 163534958722411888}
  - {fileID: 163534958722411854}
  - {fileID: 163534958722411784}
  - {fileID: 163534958722411876}
  - {fileID: 163534958722411828}
  m_BlendShapeWeights: []
  m_RootBone: {fileID: 163534958722411738}
  m_AABB:
    m_Center: {x: -0.2595476, y: 0.046852484, z: -0.000000029802322}
    m_Extent: {x: 0.20951283, y: 0.22191624, z: 0.20209587}
  m_DirtyAABB: 0
--- !u!1 &163534958722707830
GameObject:
  m_ObjectHideFlags: 0
  m_CorrespondingSourceObject: {fileID: 0}
  m_PrefabInstance: {fileID: 0}
  m_PrefabAsset: {fileID: 0}
  serializedVersion: 6
  m_Component:
  - component: {fileID: 163534958722411862}
  - component: {fileID: 163534958736374902}
  m_Layer: 8
  m_Name: Armor_hip_mesh
  m_TagString: Untagged
  m_Icon: {fileID: 0}
  m_NavMeshLayer: 0
  m_StaticEditorFlags: 0
  m_IsActive: 1
--- !u!4 &163534958722411862
Transform:
  m_ObjectHideFlags: 0
  m_CorrespondingSourceObject: {fileID: 0}
  m_PrefabInstance: {fileID: 0}
  m_PrefabAsset: {fileID: 0}
  m_GameObject: {fileID: 163534958722707830}
  m_LocalRotation: {x: -0.7071068, y: 0, z: -0, w: 0.7071068}
  m_LocalPosition: {x: -0, y: 0.9660767, z: -0.0077281073}
  m_LocalScale: {x: 0.6939358, y: 0.6939358, z: 0.6939358}
  m_Children: []
  m_Father: {fileID: 163534958722411726}
  m_RootOrder: 1
  m_LocalEulerAnglesHint: {x: 0, y: 0, z: 0}
--- !u!137 &163534958736374902
SkinnedMeshRenderer:
  m_ObjectHideFlags: 0
  m_CorrespondingSourceObject: {fileID: 0}
  m_PrefabInstance: {fileID: 0}
  m_PrefabAsset: {fileID: 0}
  m_GameObject: {fileID: 163534958722707830}
  m_Enabled: 1
  m_CastShadows: 1
  m_ReceiveShadows: 1
  m_DynamicOccludee: 1
  m_MotionVectors: 1
  m_LightProbeUsage: 1
  m_ReflectionProbeUsage: 1
  m_RenderingLayerMask: 1
  m_RendererPriority: 0
  m_Materials:
  - {fileID: 2100000, guid: 859d33148dcff854495d2970f643507b, type: 2}
  m_StaticBatchInfo:
    firstSubMesh: 0
    subMeshCount: 0
  m_StaticBatchRoot: {fileID: 0}
  m_ProbeAnchor: {fileID: 0}
  m_LightProbeVolumeOverride: {fileID: 0}
  m_ScaleInLightmap: 1
  m_PreserveUVs: 0
  m_IgnoreNormalsForChartDetection: 0
  m_ImportantGI: 0
  m_StitchLightmapSeams: 1
  m_SelectedEditorRenderState: 3
  m_MinimumChartSize: 4
  m_AutoUVMaxDistance: 0.5
  m_AutoUVMaxAngle: 89
  m_LightmapParameters: {fileID: 0}
  m_SortingLayerID: 0
  m_SortingLayer: 0
  m_SortingOrder: 0
  serializedVersion: 2
  m_Quality: 0
  m_UpdateWhenOffscreen: 0
  m_SkinnedMotionVectors: 1
  m_Mesh: {fileID: 4300008, guid: 18c11b8faef85dd4f83933b1840887dd, type: 3}
  m_Bones:
  - {fileID: 163534958722411716}
  - {fileID: 163534958722411738}
  - {fileID: 163534958722411894}
  - {fileID: 163534958722411848}
  - {fileID: 163534958722411852}
  - {fileID: 163534958722411866}
  - {fileID: 163534958722411864}
  - {fileID: 163534958722411782}
  - {fileID: 163534958722411734}
  - {fileID: 163534958722411892}
  - {fileID: 163534958722411850}
  - {fileID: 163534958722411854}
  m_BlendShapeWeights: []
  m_RootBone: {fileID: 163534958722411864}
  m_AABB:
    m_Center: {x: 0.08878115, y: -0.002080977, z: -0.000000014901161}
    m_Extent: {x: 0.22180831, y: 0.13219215, z: 0.33848935}
  m_DirtyAABB: 0
--- !u!1 &163534958722707832
GameObject:
  m_ObjectHideFlags: 0
  m_CorrespondingSourceObject: {fileID: 0}
  m_PrefabInstance: {fileID: 0}
  m_PrefabAsset: {fileID: 0}
  serializedVersion: 6
  m_Component:
  - component: {fileID: 163534958722411864}
  m_Layer: 8
  m_Name: CATRigHub001
  m_TagString: Untagged
  m_Icon: {fileID: 0}
  m_NavMeshLayer: 0
  m_StaticEditorFlags: 0
  m_IsActive: 1
--- !u!4 &163534958722411864
Transform:
  m_ObjectHideFlags: 0
  m_CorrespondingSourceObject: {fileID: 0}
  m_PrefabInstance: {fileID: 0}
  m_PrefabAsset: {fileID: 0}
  m_GameObject: {fileID: 163534958722707832}
  m_LocalRotation: {x: 0.50000006, y: -0.50000006, z: -0.49999997, w: 0.49999997}
  m_LocalPosition: {x: 3.6637004e-14, y: 1.0495307, z: -0.005647175}
  m_LocalScale: {x: 1, y: 1, z: 1}
  m_Children:
  - {fileID: 163534958722411866}
  - {fileID: 163534958722411852}
  - {fileID: 163534958722411854}
  - {fileID: 163534958722411848}
  - {fileID: 163534958722411782}
  - {fileID: 163534958722411734}
  - {fileID: 163534958722411738}
  m_Father: {fileID: 163534958722411726}
  m_RootOrder: 6
  m_LocalEulerAnglesHint: {x: 0, y: 0, z: 0}
--- !u!1 &163534958722707834
GameObject:
  m_ObjectHideFlags: 0
  m_CorrespondingSourceObject: {fileID: 0}
  m_PrefabInstance: {fileID: 0}
  m_PrefabAsset: {fileID: 0}
  serializedVersion: 6
  m_Component:
  - component: {fileID: 163534958722411866}
  m_Layer: 8
  m_Name: CATRigHub001Bone001
  m_TagString: Untagged
  m_Icon: {fileID: 0}
  m_NavMeshLayer: 0
  m_StaticEditorFlags: 0
  m_IsActive: 1
--- !u!4 &163534958722411866
Transform:
  m_ObjectHideFlags: 0
  m_CorrespondingSourceObject: {fileID: 0}
  m_PrefabInstance: {fileID: 0}
  m_PrefabAsset: {fileID: 0}
  m_GameObject: {fileID: 163534958722707834}
  m_LocalRotation: {x: 2.7268019e-21, y: 3.310307e-22, z: -0.7071068, w: 0.7071068}
  m_LocalPosition: {x: -0.09086354, y: 0.11612714, z: -9.926282e-16}
  m_LocalScale: {x: 1, y: 1, z: 1}
  m_Children:
  - {fileID: 163534958722411844}
  m_Father: {fileID: 163534958722411864}
  m_RootOrder: 0
  m_LocalEulerAnglesHint: {x: 0, y: 0, z: 0}
--- !u!1 &163534958722707836
GameObject:
  m_ObjectHideFlags: 0
  m_CorrespondingSourceObject: {fileID: 0}
  m_PrefabInstance: {fileID: 0}
  m_PrefabAsset: {fileID: 0}
  serializedVersion: 6
  m_Component:
  - component: {fileID: 163534958722411868}
  - component: {fileID: 163534958736374908}
  m_Layer: 8
  m_Name: Armor_shoulders_mesh001
  m_TagString: Untagged
  m_Icon: {fileID: 0}
  m_NavMeshLayer: 0
  m_StaticEditorFlags: 0
  m_IsActive: 1
--- !u!4 &163534958722411868
Transform:
  m_ObjectHideFlags: 0
  m_CorrespondingSourceObject: {fileID: 0}
  m_PrefabInstance: {fileID: 0}
  m_PrefabAsset: {fileID: 0}
  m_GameObject: {fileID: 163534958722707836}
  m_LocalRotation: {x: 0.7071062, y: 0, z: 0, w: 0.7071074}
  m_LocalPosition: {x: -0, y: 1.6211945, z: -0.07103618}
  m_LocalScale: {x: -0.6939358, y: -0.6939358, z: -0.6939358}
  m_Children: []
  m_Father: {fileID: 163534958722411726}
  m_RootOrder: 4
  m_LocalEulerAnglesHint: {x: 0, y: 0, z: 0}
--- !u!137 &163534958736374908
SkinnedMeshRenderer:
  m_ObjectHideFlags: 0
  m_CorrespondingSourceObject: {fileID: 0}
  m_PrefabInstance: {fileID: 0}
  m_PrefabAsset: {fileID: 0}
  m_GameObject: {fileID: 163534958722707836}
  m_Enabled: 1
  m_CastShadows: 1
  m_ReceiveShadows: 1
  m_DynamicOccludee: 1
  m_MotionVectors: 1
  m_LightProbeUsage: 1
  m_ReflectionProbeUsage: 1
  m_RenderingLayerMask: 1
  m_RendererPriority: 0
  m_Materials:
  - {fileID: 2100000, guid: 859d33148dcff854495d2970f643507b, type: 2}
  m_StaticBatchInfo:
    firstSubMesh: 0
    subMeshCount: 0
  m_StaticBatchRoot: {fileID: 0}
  m_ProbeAnchor: {fileID: 0}
  m_LightProbeVolumeOverride: {fileID: 0}
  m_ScaleInLightmap: 1
  m_PreserveUVs: 0
  m_IgnoreNormalsForChartDetection: 0
  m_ImportantGI: 0
  m_StitchLightmapSeams: 1
  m_SelectedEditorRenderState: 3
  m_MinimumChartSize: 4
  m_AutoUVMaxDistance: 0.5
  m_AutoUVMaxAngle: 89
  m_LightmapParameters: {fileID: 0}
  m_SortingLayerID: 0
  m_SortingLayer: 0
  m_SortingOrder: 0
  serializedVersion: 2
  m_Quality: 0
  m_UpdateWhenOffscreen: 0
  m_SkinnedMotionVectors: 1
  m_Mesh: {fileID: 4300014, guid: 18c11b8faef85dd4f83933b1840887dd, type: 3}
  m_Bones:
  - {fileID: 163534958722411736}
  - {fileID: 163534958722411876}
  - {fileID: 163534958722411896}
  - {fileID: 163534958722411888}
  - {fileID: 163534958722411894}
  - {fileID: 163534958722411898}
  - {fileID: 163534958722411890}
  - {fileID: 163534958722411828}
  - {fileID: 163534958722411784}
  - {fileID: 163534958722411786}
  m_BlendShapeWeights: []
  m_RootBone: {fileID: 163534958722411894}
  m_AABB:
    m_Center: {x: -0.27802944, y: -0.031656995, z: 0.000000059604645}
    m_Extent: {x: 0.14310291, y: 0.13092299, z: 0.57467943}
  m_DirtyAABB: 0
--- !u!1 &163534958722707838
GameObject:
  m_ObjectHideFlags: 0
  m_CorrespondingSourceObject: {fileID: 0}
  m_PrefabInstance: {fileID: 0}
  m_PrefabAsset: {fileID: 0}
  serializedVersion: 6
  m_Component:
  - component: {fileID: 163534958722411870}
  - component: {fileID: 163534958736374910}
  m_Layer: 8
  m_Name: Body_mesh
  m_TagString: Untagged
  m_Icon: {fileID: 0}
  m_NavMeshLayer: 0
  m_StaticEditorFlags: 0
  m_IsActive: 1
--- !u!4 &163534958722411870
Transform:
  m_ObjectHideFlags: 0
  m_CorrespondingSourceObject: {fileID: 0}
  m_PrefabInstance: {fileID: 0}
  m_PrefabAsset: {fileID: 0}
  m_GameObject: {fileID: 163534958722707838}
  m_LocalRotation: {x: -0.7071068, y: 0, z: -0, w: 0.7071068}
  m_LocalPosition: {x: -0, y: 0, z: 0}
  m_LocalScale: {x: 0.6939358, y: 0.6939358, z: 0.6939358}
  m_Children: []
  m_Father: {fileID: 163534958722411726}
  m_RootOrder: 5
  m_LocalEulerAnglesHint: {x: 0, y: 0, z: 0}
--- !u!137 &163534958736374910
SkinnedMeshRenderer:
  m_ObjectHideFlags: 0
  m_CorrespondingSourceObject: {fileID: 0}
  m_PrefabInstance: {fileID: 0}
  m_PrefabAsset: {fileID: 0}
  m_GameObject: {fileID: 163534958722707838}
  m_Enabled: 1
  m_CastShadows: 1
  m_ReceiveShadows: 1
  m_DynamicOccludee: 1
  m_MotionVectors: 1
  m_LightProbeUsage: 1
  m_ReflectionProbeUsage: 1
  m_RenderingLayerMask: 1
  m_RendererPriority: 0
  m_Materials:
  - {fileID: 2100000, guid: 859d33148dcff854495d2970f643507b, type: 2}
  m_StaticBatchInfo:
    firstSubMesh: 0
    subMeshCount: 0
  m_StaticBatchRoot: {fileID: 0}
  m_ProbeAnchor: {fileID: 0}
  m_LightProbeVolumeOverride: {fileID: 0}
  m_ScaleInLightmap: 1
  m_PreserveUVs: 0
  m_IgnoreNormalsForChartDetection: 0
  m_ImportantGI: 0
  m_StitchLightmapSeams: 1
  m_SelectedEditorRenderState: 3
  m_MinimumChartSize: 4
  m_AutoUVMaxDistance: 0.5
  m_AutoUVMaxAngle: 89
  m_LightmapParameters: {fileID: 0}
  m_SortingLayerID: 0
  m_SortingLayer: 0
  m_SortingOrder: 0
  serializedVersion: 2
  m_Quality: 0
  m_UpdateWhenOffscreen: 0
  m_SkinnedMotionVectors: 1
  m_Mesh: {fileID: 4300012, guid: 18c11b8faef85dd4f83933b1840887dd, type: 3}
  m_Bones:
  - {fileID: 163534958722411736}
  - {fileID: 163534958722411900}
  - {fileID: 163534958722411890}
  - {fileID: 163534958722411888}
  - {fileID: 163534958722411894}
  - {fileID: 163534958722411876}
  - {fileID: 163534958722411896}
  - {fileID: 163534958722411716}
  - {fileID: 163534958722411738}
  - {fileID: 163534958722411866}
  - {fileID: 163534958722411852}
  - {fileID: 163534958722411898}
  - {fileID: 163534958722411780}
  - {fileID: 163534958722411878}
  - {fileID: 163534958722411884}
  - {fileID: 163534958722411886}
  - {fileID: 163534958722411796}
  - {fileID: 163534958722411882}
  - {fileID: 163534958722411880}
  - {fileID: 163534958722411798}
  - {fileID: 163534958722411794}
  - {fileID: 163534958722411792}
  - {fileID: 163534958722411804}
  - {fileID: 163534958722411800}
  - {fileID: 163534958722411806}
  - {fileID: 163534958722411802}
  - {fileID: 163534958722411874}
  - {fileID: 163534958722411872}
  - {fileID: 163534958722411854}
  - {fileID: 163534958722411864}
  - {fileID: 163534958722411848}
  - {fileID: 163534958722411892}
  - {fileID: 163534958722411846}
  - {fileID: 163534958722411782}
  - {fileID: 163534958722411850}
  - {fileID: 163534958722411844}
  - {fileID: 163534958722411734}
  - {fileID: 163534958722411840}
  - {fileID: 163534958722411776}
  - {fileID: 163534958722411842}
  - {fileID: 163534958722411778}
  - {fileID: 163534958722411788}
  - {fileID: 163534958722411902}
  - {fileID: 163534958722411828}
  - {fileID: 163534958722411784}
  - {fileID: 163534958722411786}
  - {fileID: 163534958722411732}
  - {fileID: 163534958722411830}
  - {fileID: 163534958722411836}
  - {fileID: 163534958722411838}
  - {fileID: 163534958722411812}
  - {fileID: 163534958722411834}
  - {fileID: 163534958722411832}
  - {fileID: 163534958722411814}
  - {fileID: 163534958722411810}
  - {fileID: 163534958722411808}
  - {fileID: 163534958722411820}
  - {fileID: 163534958722411816}
  - {fileID: 163534958722411822}
  - {fileID: 163534958722411818}
  - {fileID: 163534958722411826}
  - {fileID: 163534958722411824}
  - {fileID: 163534958722411728}
  - {fileID: 163534958722411730}
  - {fileID: 163534958722411740}
  m_BlendShapeWeights: []
  m_RootBone: {fileID: 163534958722411864}
  m_AABB:
    m_Center: {x: 0.1421046, y: -0.007151678, z: -0.0000013709068}
    m_Extent: {x: 1.0234157, y: 0.22272046, z: 0.90559465}
  m_DirtyAABB: 0
